2714 4266
128 210 244 282 L·146·]
361 209 433 275 His
457 209 604 298 Appeal
623 219 657 274 to
687 210 942 296 Chrysogonus.
1139 229 1182 296 19

128 413 259 479 nefario
273 412 418 487 solutus,
434 410 557 497 cupita
571 410 666 476 vobis
680 410 870 476 discedere.
909 409 947 476 Si
963 410 1028 474 hac
1039 406 1181 496 indigna

128 515 314 599 suspitione
334 525 463 587 careat,
483 513 597 577 animo
615 534 724 598 aequo
741 533 778 575 se
795 533 912 576 carere
929 511 1000 576 suis
1024 511 1181 575 omnibus

127 614 317 681 commodis
347 613 439 678 dicit.
491 614 609 700 Rogat
636 626 777 699 oratque
805 626 849 688 te,
881 611 1122 700 Chrysogooe,
1153 610 1181 676 si

127 717 211 780 nihil
228 717 271 780 de
288 716 394 801 patris
412 715 554 779 fortunis
580 714 799 800 amplissimis
824 715 980 779 insuam
1005 735 1077 778 rem
1102 733 1182 778 con·

127 816 236 891 vertit,
254 816 283 880 si
301 816 396 879 nulla
411 816 444 879 in
463 837 499 880 re
515 829 547 880 te
566 815 747 889 fraudavit,
767 815 794 879 si
811 814 870 878 tibi
888 816 1015 900 optima
1033 815 1099 879 fide
1119 835 1181 879 sua
1213 841 1228 897 ς

126 917 243 981 omnia
275 916 458 992 concessit,
486 916 736 991 adnumeravit,
765 916 939 1001 appendit,
968 916 996 980 si
1024 915 1182 980 vestitum

126 1036 195 1103 quo
220 1016 296 1102 ipse
322 1027 431 1082 tectus
456 1028 542 1091 erat,
567 1018 776 1102 anulumque
801 1017 843 1081 de
868 1016 975 1103 digito
999 1038 1098 1081 suum
1123 1015 1182 1081 tibi

126 1117 279 1192 tradidit,
300 1117 329 1182 si
351 1139 395 1182 ex
418 1117 577 1182 omnibus
600 1119 703 1182 rebus
725 1138 762 1181 se
785 1116 896 1201 ipsum
917 1117 1047 1181 nudum
1071 1137 1182 1202 neque

126 1229 305 1302 praeterea
323 1217 507 1304 quicquam
526 1217 674 1302 excepit,
692 1227 730 1281 ut
746 1217 808 1281 sibi
827 1239 889 1302 per
905 1228 937 1281 te
962 1217 1063 1282 liceat
1086 1217 1183 1280 inno·

126 1317 217 1382 centi
243 1317 433 1382 amicorum
458 1317 581 1402 opibus
604 1317 711 1380 vitam
734 1317 770 1380 in
787 1328 939 1404 egestate
956 1318 1096 1404 degere.
1145 1335 1179 1380 1..
1199 1343 1228 1380 ιο

125 1435 173 1482 48.
199 1416 370 1482 ‘Praedia
391 1439 468 1482 mea
492 1429 527 1481 tu
550 1417 717 1502 possides,
736 1438 803 1504 ego
821 1417 933 1481 aliena
950 1416 1184 1483 misericordia

126 1520 228 1584 vivo:
259 1517 425 1592 concedo,
452 1528 484 1582 et
512 1519 603 1603 quod
632 1517 767 1581 animus
797 1537 927 1602 aequus
955 1529 1017 1592 est,
1044 1529 1076 1581 et
1103 1517 1184 1604 quia

126 1639 271 1684 necesse
289 1629 351 1682 est.
401 1617 485 1682 Mea
509 1618 630 1681 domus
655 1617 714 1681 tibi
739 1628 842 1702 patet,
862 1616 945 1680 mihi
970 1618 1087 1681 clausa
1111 1628 1183 1680 est:

127 1719 214 1784 fero.
275 1717 424 1782 Familia
454 1739 531 1781 mea
559 1717 712 1780 maxima
739 1728 774 1779 tu
805 1716 921 1790 uteris,
952 1739 1018 1803 ego
1046 1737 1183 1781 servum

127 1821 241 1883 habeo
268 1818 423 1882 nullum:
451 1818 561 1902 patior
587 1826 620 1880 et
647 1816 826 1879 ferendum
856 1829 948 1900 puto.
1009 1813 1104 1900 Qid
1131 1815 1183 1878 vis
1201 1843 1229 1895 15

127 1915 300 2006 amplius?
349 1915 445 2002 Qtid
469 1915 682 2002 insequeris?
731 1914 826 1998 Quid
850 1913 1055 2002 oppugnas?
1102 1913 1183 1998 Qa

126 2019 164 2082 in
192 2039 229 2082 re
254 2028 349 2081 tuam
377 2018 588 2080 voluntatem
612 2015 702 2079 laedi
729 2036 748 2078 a
774 2036 828 2078 me
852 2013 975 2100 putas?
1022 2013 1090 2079 Ubi
1117 2015 1183 2078 tuis

127 2117 320 2183 commodis
352 2114 485 2180 officio?
535 2115 629 2199 Quid
661 2115 721 2179 tibi
749 2113 885 2180 obsto?’
931 2114 969 2180 Si
998 2115 1181 2200 spoliorum

126 2234 235 2283 causa
260 2217 313 2282 vis
341 2215 517 2280 hominem
546 2215 716 2289 occidere,
742 2215 825 2300 quid
849 2215 986 2302 quaeris
1013 2214 1182 2300 amplius?

126 2317 167 2383 Si
192 2316 462 2388 inimicitiarum,
489 2336 578 2401 quae
606 2327 685 2379 sunt
707 2313 765 2379 tibi
794 2315 992 2379 inimicitiae
1020 2337 1097 2380 cum
1127 2336 1180 2390 eo,
1199 2344 1229 2379 20

126 2418 227 2505 cujus
252 2428 331 2482 ante
352 2415 495 2502 praedia
515 2415 695 2500 possedisti
715 2435 818 2500 quam
838 2414 949 2499 ipsum
971 2415 1183 2501 cognovisti?

126 2517 167 2583 Si
193 2527 316 2592 metuS,
337 2517 380 2580 ab
405 2536 492 2580 eone
517 2514 645 2600 aliquid
670 2514 805 2588 metuis,
823 2536 925 2601 quem
949 2515 1045 2579 vides
1070 2515 1182 2599 ipsum

127 2620 171 2682 ab
185 2639 222 2682 se
235 2628 306 2681 tam
320 2629 470 2681 atrocem
484 2614 643 2703 injuriam
658 2616 858 2699 propulsare
871 2636 940 2678 non
957 2613 1080 2699 posse?
1120 2615 1182 2678 Sin

126 2716 221 2804 quod
240 2719 332 2781 bona
352 2736 442 2801 quae
464 2714 571 2779 Rosci
591 2715 728 2778 suerunt
747 2725 805 2778 tua
829 2714 918 2777 sacta
943 2725 1032 2788 sunt,
1054 2714 1182 2779 idcirco

127 2819 221 2881 hunc
237 2814 329 2880 illius
345 2815 453 2880 filium
472 2814 588 2878 studes
605 2814 761 2899 perdere,
779 2835 894 2878 nonne
918 2815 1068 2879 ostendis
1091 2814 1126 2878 id
1150 2825 1182 2878 te
1198 2841 1231 2897 ²⁵

126 2916 251 2991 vereri,
270 2916 362 3002 quod
380 2926 515 3000 praeter
531 2926 662 2978 ceteros
678 2925 713 2978 tu
730 2927 882 2978 metuere
898 2936 966 2978 non
984 2915 1124 2988 debeas,
1139 2935 1182 2978 ne

127 3017 267 3102 quando
284 3015 400 3079 liberis
418 3013 684 3099 proscriptorum
702 3015 791 3077 bona
809 3013 919 3098 patria
935 3012 1142 3078 reddantur?

173 3126 221 3174 49.
243 3114 346 3179 Facis
370 3113 544 3202 injuriam,
572 3112 814 3200 Chrysogone,
842 3113 869 3177 si
894 3112 1059 3201 majorem
1085 3136 1183 3199 spem

128 3214 310 3300 emptionis
327 3225 406 3278 tuae
423 3212 459 3278 in
476 3213 578 3300 hujus
596 3212 699 3277 exitio
718 3213 828 3296 ponis,
847 3235 950 3299 quam
967 3213 1001 3276 in
1019 3213 1067 3278 eis
1081 3215 1183 3279 rebus

128 3337 215 3403 quas
243 3315 287 3379 L.
316 3314 417 3379 Sulla
442 3312 561 3401 gessit.
613 3310 716 3397 Qiod
746 3312 774 3377 si
800 3313 858 3377 tibi
885 3333 989 3377 causa
1014 3314 1109 3378 nulla
1133 3326 1184 3380 est
1199 3347 1230 3398 3⁰

128 3437 190 3482 cur
206 3416 299 3480 hunc
317 3415 480 3479 miserum
499 3423 592 3477 tanta
610 3412 804 3477 calamitate
829 3413 929 3477 adfici
954 3414 1052 3489 velis,
1071 3415 1098 3479 si
1123 3416 1183 3479 tibi

129 3516 243 3583 omnia
262 3537 325 3581 sua
342 3527 479 3601 praeter
496 3513 646 3578 animam
664 3513 813 3587 tradidit,
832 3534 896 3578 nec
915 3513 977 3578 sibi
998 3514 1182 3601 quicquam

128 3629 308 3703 paternum
327 3637 371 3680 ne
386 3615 596 3680 monumenti
608 3613 747 3700 quidem
761 3634 866 3678 causa
880 3614 968 3679 clam
983 3615 1181 3688 reservavit,

129 3739 192 3803 per
218 3718 301 3783 deos
331 3715 545 3790 immortalis,
572 3736 661 3801 quae
689 3714 753 3778 ista
779 3725 872 3778 tanta
901 3715 1084 3779 crudelitas
1112 3713 1184 3780 est?

131 3818 232 3903 Quae
259 3832 329 3884 tam
359 3819 430 3883 sera
459 3817 688 3901 immanisque
715 3813 858 3878 natura?
906 3814 995 3898 Quis
1019 3837 1183 3902 umquam
1201 3844 1232 3895 35

129 3922 260 4007 praedo
276 3919 423 3986 {uittam
442 3915 605 3991 nefarius,
625 3916 701 4004 quis
718 3915 827 4001 pirata
844 3926 913 3978 tam
935 3915 1114 3990 barbaruS,
1134 3927 1182 3988 ut,
