2714 4266
194 187 235 254 14
512 171 669 258 Desence
693 173 741 259 os
754 173 912 238 Roscius.
1049 169 1156 240 [Rosc.
1177 169 1242 223 Aa.

190 371 319 436 familia
333 371 417 438 Sex.
432 371 561 438 Roscio
573 373 711 438 relictus
724 395 792 438 non
810 386 870 439 est.
906 372 960 438 Te
976 393 1069 438 nunc
1086 373 1240 458 appe110,

190 470 232 536 P.
251 471 380 557 Scipio,
398 485 444 547 te,
463 472 617 537 Metelle.
667 473 774 538 Vobis
798 474 985 548 advocatie,
1009 474 1106 538 vobis
1131 493 1243 560 agen-

148 587 149 590 ’
190 572 292 647 tibus,
312 573 514 658 aliquotiens
536 574 621 638 duos
639 595 755 638 servos
773 584 932 657 paternos
950 574 985 636 in
1001 574 1241 659 quaestionem

137 667 139 672 ’
191 672 234 736 ab
252 671 455 737 adversariis
472 671 556 736 Sex.
577 673 725 738 Roscius
742 673 936 758 postulavit.
985 672 1241 738 Meministisne

161 770 234 851 5T.
266 771 431 836 Roscium
463 771 645 837 recusare?
709 771 827 858 Quid?
866 773 896 837 ei
929 773 1017 836 servi
1050 771 1106 836 ubi
1139 771 1241 836 sunt?

191 869 472 960 Chrysogonum,
491 872 638 958 judices,
663 885 855 938 sectantur:
886 873 977 957 apud
997 893 1074 936 eum
1101 882 1180 937 sunt
1204 872 1240 936 in

190 971 320 1037 honore
337 985 370 1036 et
385 972 504 1058 pretio.
555 972 667 1038 Etiam
685 993 777 1037 nunc
793 985 830 1037 ut
846 994 889 1038 ex
906 973 955 1037 eis
972 985 1155 1058 quaeratur
1171 993 1240 1059 ego

190 1073 337 1157 postulo,
364 1074 420 1139 hic
443 1085 516 1140 orat
541 1086 641 1160 atque
665 1075 834 1140 obsecrat.
896 1069 990 1155 Quid
1014 1070 1146 1136 facitis?
1177 1092 1240 1136 cur

190 1173 377 1239 recusatis?
424 1173 585 1240 Dubitate
610 1175 712 1240 etiam
737 1194 842 1248 nunc,
861 1173 1007 1261 judices
1030 1170 1058 1236 si
1084 1171 1238 1256 potestiS,

147 1293 211 1338 roa
228 1295 295 1360 quo
313 1277 355 1340 sit
371 1274 455 1340 Sex.
472 1276 620 1342 Roscius
638 1275 785 1349 occisus,
797 1275 895 1338 -ab
913 1293 1011 1347 eone,
1026 1271 1084 1358 qui
1101 1283 1241 1358 propter

190 1374 281 1441 illius
299 1387 440 1440 mortem
458 1377 493 1440 in
511 1388 662 1464 egestate
680 1377 764 1441 etin
781 1374 913 1441 insidiis
930 1384 1097 1447 versatur,
1116 1373 1171 1438 cui
1195 1393 1240 1437 ne

190 1477 378 1560 quaerendi
395 1478 533 1563 quidem
552 1479 594 1542 de
612 1488 718 1542 morte
735 1476 839 1562 patris
857 1486 1005 1561 potestas
1022 1473 1238 1559 permittitur,

191 1596 236 1639 an
260 1578 304 1641 ab
328 1577 377 1642 eis
401 1577 458 1663 qui
483 1578 716 1663 quaestionem
746 1577 906 1665 fugitant,
930 1576 1021 1641 bona
1049 1574 1238 1660 possident,

190 1675 225 1739 in
250 1677 356 1741 caede
381 1689 481 1764 atque
506 1699 549 1742 ex
573 1679 679 1744 caede
704 1679 834 1741 vivunt.

147 1798 177 1850 15
236 1796 339 1841 x1.111.
364 1793 412 1840 aa
435 1778 547 1844 Venio
591 1800 682 1843 nunc
724 1780 767 1843 ad
807 1777 892 1841 illud
931 1797 1056 1841 nomen
1097 1797 1239 1841 aureum

196 1874 469 1967 [Chrysogoni]‚
489 1880 551 1943 sub
569 1901 636 1964 quo
653 1879 791 1943 nomine
809 1889 876 1942 tota
893 1877 1038 1942 societas
1056 1877 1172 1941 latuit:
1196 1876 1239 1940 de

191 1998 272 2062 qu0,
286 1979 433 2067 judices,
452 2001 562 2064 neque
585 2001 652 2064 quo
677 1979 777 2042 modo
794 1978 908 2042 dicam
925 1999 1036 2062 neque
1053 1998 1121 2062 quo
1139 1976 1240 2040 modo

191 2089 324 2141 taceam
338 2079 486 2162 reperire
499 2099 651 2162 possum.
694 2077 732 2142 Si
746 2078 836 2142 enim
854 2090 963 2152 tace0,
978 2078 1033 2141 vel
1052 2077 1239 2140 maximam

192 2173 323 2261 partein
347 2177 521 2262 relinqu03
555 2178 606 2242 sin
633 2189 744 2241 autem
771 2177 859 2250 dico,
878 2198 998 2240 vereor
1022 2197 1065 2240 ne
1090 2198 1159 2240 non
1183 2176 1240 2240 ille

147 2297 178 2336 ao
192 2276 297 2351 solus,
312 2276 347 2340 id
363 2278 454 2361 quod
472 2278 516 2341 ad
533 2299 587 2340 me
607 2277 692 2340 nihil
710 2277 840 2349 attinet,
860 2276 920 2340 sed
938 2276 994 2338 alii
1012 2297 1148 2362 quoque
1166 2277 1241 2361 plu·

192 2397 247 2440 res
264 2378 375 2441 laesos
393 2397 429 2440 se
446 2397 521 2440 esse
539 2386 667 2461 putent.
716 2375 870 2440 Tametsi
888 2377 933 2438 ita
950 2397 987 2439 se
1005 2397 1058 2440 res
1076 2377 1190 2449 habet,
1205 2387 1241 2440 ut

193 2475 276 2539 mihi
300 2475 335 2540 in
360 2496 575 2540 communem
598 2497 739 2540 causam
761 2487 929 2540 sectorum
951 2475 1134 2540 dicendum
1155 2475 1240 2539 nihil

193 2596 322 2663 magno
337 2596 440 2660 opere
456 2576 630 2651 videatur3
657 2577 743 2640 haec
756 2575 847 2639 enim
860 2596 965 2639 causa
982 2596 1071 2640 nova
1088 2576 1239 2660 profecto
1322 2591 1324 2595 ’

194 2687 226 2740 et
242 2675 427 2762 singularis
443 2687 505 2740 est.

147 2797 177 2850 ²5
237 2790 284 2837 ar.
307 2774 480 2838 Bonorum
505 2775 587 2838 Sex.
614 2774 721 2840 Rosci
735 2786 878 2860 emptor
901 2787 952 2839 est
975 2774 1238 2862 Chrysogonus.

194 2873 347 2939 Primum
366 2875 430 2938 hoc
442 2875 642 2937 videamus:
665 2875 738 2961 ejus
755 2874 903 2938 hominis
919 2874 1010 2938 bona
1026 2896 1095 2960 qua
1112 2875 1241 2940 ratione

193 2973 384 3049 venierunt,
401 2987 458 3038 aut
473 2995 540 3059 quo
558 2974 658 3038 modo
675 2975 791 3038 venire
813 2973 1016 3058 potuerunt?
1045 2974 1158 3062 Atque
1176 2978 1241 3042 hoc

195 3096 264 3139 non
281 3073 326 3138 ita
343 3094 519 3159 quaeram,
534 3073 681 3160 judices,
700 3085 736 3138 ut
752 3074 786 3136 id
811 3073 924 3136 dicam
947 3095 1023 3137 esse
1045 3075 1239 3163 indignum,

196 3173 343 3239 hominis
368 3173 556 3237 innocentis
581 3173 670 3237 bona
694 3173 829 3237 venisse
842 3195 851 3246 ;
884 3171 913 3236 si
934 3173 1025 3237 enim
1044 3175 1130 3240 haec
1147 3177 1241 3242 audi·

147 3300 179 3352 30
196 3287 293 3340 entur
307 3296 347 3339 ac
364 3275 468 3338 libere
483 3272 650 3347 dicentur,
665 3295 732 3337 non
752 3272 812 3337 suit
828 3284 940 3338 tantus
958 3275 1060 3338 homo
1075 3274 1155 3340 Sex.
1171 3276 1241 3341 Ro·

196 3377 287 3442 scius
311 3375 343 3439 in
370 3375 516 3446 civitate,
539 3385 575 3437 ut
599 3374 641 3438 de
666 3395 707 3438 eo
736 3373 948 3458 potissimum
978 3395 1238 3460 conqueramur.

195 3477 326 3542 Verum
341 3475 443 3563 [ego]
462 3477 526 3539 hoc
539 3495 686 3561 quaero:
709 3473 765 3560 qui
784 3485 965 3559 potuerunt
981 3474 1044 3538 ista
1058 3475 1132 3561 ipsa
1151 3477 1239 3562 lege,

196 3599 285 3665 quae
302 3577 344 3642 de
361 3575 605 3661 proscriptione
623 3584 683 3648 est,
696 3573 820 3638 —sive
834 3572 974 3638 Valeria
991 3587 1055 3647 est,
1071 3575 1141 3640 sive
1159 3575 1241 3640 Cor·

197 3679 301 3751 nelia,
324 3697 393 3740 non
418 3675 508 3739 enim
531 3672 609 3738 novi
626 3693 691 3737 nec
707 3673 791 3748 scio,
803 3696 976 3738 -verum
994 3675 1056 3738 ista
1074 3674 1149 3758 ipsa
1166 3677 1242 3762 lege

148 3800 180 3854 35
197 3779 287 3843 bona
319 3772 403 3839 Sex.
437 3771 544 3836 Rosci
577 3771 692 3836 venire
720 3769 780 3856 qui
815 3773 1017 3856 potuerunt?
1070 3773 1241 3858 Scriptum

198 3877 289 3940 enim
306 3875 350 3939 ita
368 3874 483 3938 dicunt
499 3892 586 3946 esse,
606 3879 643 3934 ut
662 3893 781 3937 eorum
803 3873 890 3936 bona
908 3879 1069 3946 veneant,
1088 3875 1151 3958 qui
1157 3880 1242 3960 pro·
