2716 4266
101 213 131 254 1¹·
150 202 190 272 4]
266 203 367 270 When
391 205 470 270 will
489 206 545 272 the
581 206 718 294 Victory
734 208 773 272 be
795 205 1003 296 Complcte?
1087 226 1150 296 237

99 401 187 544 SI,
202 415 238 469 ut
254 427 298 470 ex
314 405 432 471 litteris
445 427 533 493 quae
550 407 710 472 recitatae
721 419 811 482 sunt,
828 421 940 494 patres
954 412 1149 498 conscripti,

202 506 540 571 sceleratissimorum
567 509 711 572 bostium
730 510 917 573 exercitum
937 531 1074 576 caesum
1100 513 1151 578 fu-

97 626 243 690 sumque
268 607 428 692 cognovi,
447 603 496 670 sic
513 607 547 671 id
563 609 654 693 quod
680 621 712 672 et
735 631 855 674 omnes
882 611 1032 676 maxime
1056 626 1151 698 opta-

97 725 189 777 mus,
216 715 249 767 et
276 725 319 768 ex
352 727 393 770 ea
424 707 565 771 victoria
597 729 685 793 quae
718 721 814 792 parta
847 723 899 775 est
930 725 1148 777 consecutum

95 805 315 879 arbitramur,
346 805 390 869 D.
422 805 565 870 Brutum
598 829 777 897 egressum
805 809 877 898 jam
911 811 1047 877 Mutina
1075 835 1151 878 esse
1169 835 1185 891 5

96 904 351 991 cognovissem,
367 919 503 991 propter
517 907 613 994 cujus
628 909 817 992 periculum
832 913 875 976 ad
892 933 977 998 saga
991 913 1148 988 issemuS,

96 1008 236 1090 propter
252 1004 406 1092 ejusdem
425 1007 569 1070 salutem
587 1009 800 1074 redeundum
819 1012 862 1076 ad
880 1012 1058 1097 pristinum
1075 1035 1150 1078 ves·

94 1106 194 1168 titum
212 1104 285 1168 sine
303 1106 372 1170 ulla
390 1107 599 1172 dubitatione
617 1129 805 1176 censerem.
846 1111 937 1177 Ante
950 1135 1030 1178 vero
1047 1135 1151 1199 quam

93 1206 140 1270 sit
166 1225 207 1268 ea
232 1226 300 1278 res,
318 1225 422 1291 quam
450 1207 646 1273 avidissime
672 1209 791 1275 civitas
816 1224 1002 1297 exspectat,
1023 1214 1149 1287 adlata,

94 1304 225 1369 laetitia
242 1304 307 1368 frui
330 1305 412 1370 satis
429 1318 479 1370 est
497 1308 670 1374 maximae
687 1312 1049 1398 praeclarissimaeque
1063 1334 1151 1400 pug·
1171 1347 1204 1386 10

93 1427 186 1470 nae:
210 1406 355 1470 reditum
374 1409 416 1470 ad
432 1410 589 1473 vestitum
603 1410 778 1476 consectae
792 1412 952 1476 victoriae
969 1426 1150 1479 reservate.

93 1504 278 1572 Confectio
296 1520 408 1572 autem
427 1510 529 1597 hujus
546 1510 625 1574 belli
643 1523 693 1575 est
710 1511 754 1574 D.
775 1509 869 1575 Bruti
887 1513 991 1578 salus.

139 1625 171 1672 a.
228 1628 292 1671 uae
320 1623 433 1672 autem
461 1621 512 1674 est
537 1611 600 1674 ista
627 1611 806 1685 sententia,
826 1626 861 1676 ut
886 1613 920 1676 in
948 1613 1151 1678 hodiernum

94 1710 189 1774 diem
208 1709 346 1773 vestitus
367 1721 524 1784 mutetur,
543 1710 668 1775 deinde
686 1733 762 1776 cras
787 1713 895 1799 sagati
922 1713 1152 1798 prodeamus?

95 1809 174 1874 Nos
198 1831 279 1873 vero
296 1829 374 1872 cum
393 1811 498 1874 semel
517 1811 560 1874 acl
578 1832 655 1876 eum
673 1833 774 1898 quem
800 1811 957 1897 cupimus
978 1825 1152 1899 optamus·
1172 1839 1202 1896 ις

95 1931 166 1996 que
193 1909 350 1973 vestitum
376 1910 591 1985 redierimus,
616 1911 650 1975 id
676 1933 833 1998 agamus,
854 1923 889 1976 ut
913 1935 990 1977 eum
1016 1914 1050 1978 in
1076 1936 1152 2000 per-

95 2021 237 2095 petuum
257 2009 475 2080 retineamus.
525 2009 618 2074 Nam
636 2012 702 2076 hoc
718 2012 856 2097 quidem
875 2033 951 2076 cum
968 2025 1066 2100 turpe
1087 2026 1148 2091 est,

97 2122 168 2174 tum
196 2130 239 2173 ne
267 2109 320 2174 dis
349 2111 485 2195 quidem
516 2110 763 2176 immortalibus
792 2124 941 2198 gratum,
964 2115 1008 2178 ab
1033 2136 1151 2180 eorum

97 2210 179 2283 aris,
200 2210 242 2272 ad
265 2229 351 2294 quas
377 2209 482 2297 togati
510 2211 707 2284 adierimus,
727 2213 769 2275 ad
791 2233 876 2298 saga
897 2215 1063 2278 sumenda
1083 2215 1152 2280 dis·

96 2310 233 2374 cedere.
260 2327 288 2372 a.
311 2308 425 2395 Atque
444 2311 691 2382 animadverto,
712 2325 824 2395 patres
841 2314 1036 2398 conscripti,
1050 2336 1151 2401 quos·
1169 2337 1203 2375 20

97 2411 178 2475 dam
206 2411 285 2476 huic
312 2411 428 2475 favere
455 2411 654 2478 sententiae.
683 2432 826 2497 quorum
853 2433 894 2476 ea
924 2435 1021 2478 mens
1047 2415 1150 2502 idque

97 2511 278 2576 consilium
304 2522 366 2585 est,
388 2521 437 2584 ut,
457 2532 534 2575 cum
566 2511 704 2576 videant
722 2512 1020 2598 'gloriosissimum
1053 2515 1151 2579 illum

97 2609 143 2674 D.
164 2609 269 2675 Bruto
289 2611 437 2676 futurum
465 2611 570 2685 diem,
589 2632 656 2697 quo
681 2611 736 2676 die
753 2624 890 2696 propter
907 2613 980 2701 ejus
1004 2615 1147 2679 salutem

96 2711 313 2786 redierimus,
333 2713 424 2775 hunc
452 2712 482 2774 ei
511 2711 656 2775 fructum
681 2713 812 2798 eripere
838 2713 987 2797 cupiant,
1011 2735 1054 2778 ne
1079 2735 1149 2778 me·

97 2811 227 2876 moriae
261 2813 512 2898 posteritatique
545 2813 707 2896 prodatur
746 2824 883 2897 propter
922 2813 1023 2878 unius
1063 2815 1147 2880 civis
1167 2831 1200 2884 ²5

97 2913 286 2998 periculum
313 2914 477 2999 populum
504 2912 701 2976 Romanum
728 2912 770 2976 ad
795 2933 880 2996 saga
905 2912 984 2986 isse,
1010 2927 1148 2999 propter·

97 3013 251 3101 ejusdem
268 3015 411 3079 salutem
429 3015 557 3079 redisse
576 3013 619 3077 ad
635 3024 747 3100 togas.
791 3011 917 3077 Tollite
935 3015 1046 3078 hanc:
1072 3016 1146 3078 nul-

96 3113 166 3176 lam
194 3125 263 3177 tam
292 3117 419 3200 p'ravae
452 3115 638 3179 sententiae
671 3133 810 3176 causam
837 3112 1024 3197 reperietis.
1073 3113 1146 3179 Vos

95 3235 191 3288 vero,
218 3226 330 3300 patres
359 3213 552 3299 conscripti,
581 3225 779 3278 conservate
813 3213 1046 3277 auctoritatem
1072 3236 1147 3278 ves-

94 3325 196 3388 tram,
213 3325 347 3379 manete
364 3315 397 3378 in
415 3315 594 3388 sententia,
610 3324 720 3378 tenete
734 3324 846 3377 vestra
863 3313 1040 3388 memoria,
1054 3315 1145 3400 quod
1166 3325 1200 3379 3ο

95 3435 201 3498 saepe
217 3414 422 3488 ostendistis,
442 3413 542 3502 hujus
559 3415 659 3478 totius
683 3414 762 3478 belli
782 3413 815 3476 in
839 3412 939 3477 unius
957 3413 1018 3477 viri
1036 3413 1146 3480 fortis·

95 3511 172 3578 simi
190 3524 222 3577 et
238 3513 379 3577 maximi
396 3514 464 3578 vita
489 3513 634 3598 positum
660 3535 736 3578 esse
759 3513 956 3577 discrimen.

140 3633 179 3677 11.
205 3629 233 3676 4.
256 3597 312 3678 Ad
330 3613 376 3678 D.
395 3611 538 3677 Brutum
563 3613 778 3677 liberandum
803 3613 907 3700 legati
935 3612 1028 3678 missi
1054 3615 1146 3700 prin·

95 3713 190 3799 cipes
215 3713 370 3788 civitatis,
390 3712 446 3799 qui
470 3713 517 3777 illi
536 3713 622 3778 hosti
642 3733 682 3777 ac
699 3712 889 3798 parricidae
907 3713 1146 3780 denuntiarent

93 3826 172 3878 uta
199 3811 335 3878 Mutina
363 3813 565 3877 discederet.
616 3811 779 3900 Ejusdem
809 3812 855 3876 D.
884 3811 980 3878 Bruti
1010 3835 1146 3880 conser·
1165 3819 1198 3876 35

94 3913 200 3980 vandi
231 3912 338 3999 gratia
367 3912 486 3979 consul
518 3911 635 3977 sortitu
668 3912 712 3977 ad
743 3911 872 3977 bellum
901 3913 1072 3998 profectus
1097 3914 1142 3979 A.

1191 2089 1195 2114 l
