2714 4266
190 137 233 220 38
467 134 727 224 Impeachment
750 137 798 222 os
822 132 959 199 Verres.
1086 134 1257 206 [Vaxn.1.
1327 119 1328 140 ³

189 348 293 414 toreS,
311 337 383 424 qui,
402 336 444 404 C.
462 335 574 402 Verre
596 348 753 423 praetore
769 336 902 402 urbano
918 336 1092 413 sortiente,
1111 338 1258 404 exirent

189 438 225 502 in
250 459 329 502 eum
355 460 463 513 reum,
490 459 591 523 quem
617 437 791 524 incognita
820 457 925 502 causa
953 433 1254 514 condemnarent3

191 539 281 625 quod
310 538 468 602 inventus
497 541 538 601 sit
566 551 715 610 senator,
738 537 809 622 qui,
836 559 915 601 cum
944 537 1052 625 judex
1080 552 1188 614 esset,
1216 541 1255 604 in

191 640 312 702 eodem
326 638 456 723 judicio
473 650 506 702 et
523 638 566 702 ab
584 659 641 702 reo
655 637 838 722 pecuniam
852 636 1023 720 acciperet
1035 659 1141 724 quam
1154 640 1255 727 judi·

159 765 174 818 5
192 737 287 802 cibus
307 737 487 812 divideret,
509 749 542 801 et
564 739 607 801 ab
630 748 842 809 accusatore,
861 748 898 800 ut
917 758 1013 800 reum
1037 740 1255 803 condemna-

191 837 263 902 ret?
302 837 445 924 40.Ja1n
462 859 544 902 vero
561 838 734 925 quomodo
747 837 841 900 illam
859 837 986 912 labem,
1001 837 1251 925 ignominiam,

192 939 490 1024 calamitatemque
507 937 609 1002 totius
625 937 755 1003 ordinis
779 936 993 1024 conquerar?
1025 939 1092 1003 hoc
1115 938 1253 1004 sactum
1327 1011 1328 1030 q

192 1060 268 1104 esse
295 1039 330 1103 in
360 1039 426 1103 hac
453 1037 603 1112 civitate,
626 1059 706 1103 curn
735 1037 926 1102 senatorius
952 1039 1037 1103 ordo
1061 1038 1251 1126 judicaret,

191 1149 228 1203 ut
251 1139 477 1204 discoloribus
501 1137 610 1226 signis
629 1136 820 1250 juratorum
850 1137 1028 1202 hominum
1056 1140 1253 1204 sententiae
1327 1143 1328 1172 ³

143 1269 175 1304 10
192 1237 412 1304 notarentur?
460 1239 559 1304 Haec
575 1238 692 1303 omnia
709 1259 764 1302 me
781 1214 1017 1326 diligenter
983 1257 1173 1326 severeque
1192 1261 1254 1304 ac·

191 1351 305 1404 turum
322 1360 411 1414 esse,
429 1339 605 1424 polliceor

237 1459 315 1504 x1v.
343 1438 424 1522 Qio
448 1461 503 1503 me
526 1440 665 1504 tandem
695 1437 811 1504 animo
838 1437 911 1504 fore
938 1440 1077 1526 putatis,
1106 1439 1135 1506 si
1163 1440 1250 1527 quid

192 1540 229 1604 in
253 1540 319 1605 hoc
342 1539 417 1624 ipso
437 1540 567 1628 judicio
598 1539 801 1605 intellexero
833 1539 936 1604 simili
968 1541 1084 1628 aliqua
1114 1541 1251 1605 ratione
1327 1549 1328 1556 ’

194 1661 270 1706 esse
300 1641 463 1705 violatum
496 1653 597 1727 atque
629 1639 873 1705 commissum?
913 1662 991 1706 cum
1022 1642 1163 1726 planum
1199 1641 1251 1705 fa-

144 1769 174 1820 ¹5
194 1761 272 1806 cere
303 1740 419 1804 multis
449 1740 590 1804 testibus
621 1739 764 1825 possim,
794 1739 837 1805 C.
867 1739 1013 1805 Verrem
1045 1741 1080 1805 in
1112 1740 1247 1816 Sicilia,

195 1840 308 1905 multis
336 1840 565 1915 audientibus
591 1861 696 1925 saepe
723 1839 865 1915 dixisse,
894 1853 953 1905 ‘se
982 1842 1109 1906 habere
1137 1841 1249 1905 homi-

194 1963 275 2005 nem
311 1953 497 2026 potentem,
531 1941 627 2028 cujus
659 1940 786 2006 fiducia
818 1941 1030 2026 provinciam
1063 1942 1247 2028 spoliaret:
1327 1933 1328 1966 ³

196 2063 307 2127 neque
328 2041 390 2105 sibi
411 2041 473 2105 soli
495 2040 677 2125 pecuniam
703 2062 881 2125 quaerere,
908 2043 968 2106 sed
993 2043 1038 2106 ita
1062 2043 1248 2106 triennium

195 2142 280 2207 illud
303 2153 483 2226 praeturae
508 2139 697 2206 Siciliensis
722 2141 936 2206 distributum
961 2143 1100 2218 habere,
1126 2153 1163 2206 ut
1195 2163 1250 2208 se·

144 2268 176 2302 20
196 2263 274 2306 cum
301 2242 477 2328 praeclare
509 2241 567 2328 agi
599 2240 740 2315 diceret,
767 2240 794 2304 si
819 2241 920 2306 unius
952 2242 1033 2306 anni
1066 2253 1248 2329 quaestum
1327 2261 1328 2308 3

195 2343 230 2406 in
250 2364 322 2406 rem
345 2363 443 2406 suam
468 2352 699 2414 converteret;
729 2342 872 2405 alterum
898 2343 1049 2426 patronis
1074 2354 1107 2408 et
1129 2342 1248 2408 desen·
1327 2329 1328 2334 ἵ

195 2443 328 2508 soribus
352 2443 520 2515 traderet3
550 2441 684 2506 tertium
709 2441 805 2504 illum
830 2442 1039 2506 uberrimum
1065 2454 1249 2530 quaestuo-

196 2543 437 2628 sissimumque
462 2562 589 2605 annum
612 2552 717 2606 totum
739 2541 913 2630 judicibus
932 2543 1147 2608 rese1·varet.’

159 2687 191 2722 N
240 2660 282 2706 41.
305 2641 359 2706 Ex
376 2641 543 2727 quomihi
565 2641 658 2704 venit
679 2641 713 2704 in
735 2655 883 2705 mentem
901 2641 984 2706 illud
1002 2642 1116 2707 dicere
1137 2643 1248 2730 (quod
1327 2717 1328 2738 χ

145 2767 176 2818 ²5
196 2742 287 2828 apud
312 2741 373 2806 Μ’.
397 2741 619 2806 Glabrionem
646 2763 754 2826 nuper
774 2763 852 2804 cum
874 2742 907 2805 id
924 2742 1110 2808 reiciundis
1123 2744 1248 2832 judici·

195 2845 259 2907 bus
287 2862 625 2913 commemorassem,
653 2840 805 2904 intellexi
833 2841 1055 2906 vehementer
1081 2845 1247 2931 populum
1327 2865 1328 2880 ³

196 2943 394 3008 Romanum
423 2940 667 3024 commoveri),
697 2963 750 3004 me
775 2941 945 3015 arbitrari,
970 2942 1043 3006 sore
1068 2945 1114 3008 uti
1140 2945 1247 3009 natio·
1327 3003 1328 3020 2

195 3065 257 3107 nes
274 3053 411 3107 exterae
428 3040 561 3128 legatos
579 3041 622 3105 ad
646 3042 811 3125 populum
837 3041 1037 3106 Romanum
1063 3043 1244 3120 mitterent,
1327 3029 1328 3072 ³

195 3154 232 3208 ut
255 3144 312 3207 lex
335 3143 378 3206 de
403 3141 558 3226 pecuniis
582 3141 779 3225 repetundis
799 3140 1036 3229 judiciumque
1059 3144 1242 3209 tolleretur.
1327 3199 1328 3228 ,

147 3267 180 3318 30
197 3243 235 3308 Si
253 3242 342 3306 enim
357 3241 487 3329 judicia
500 3242 594 3304 nulla
609 3241 687 3313 sint,
702 3251 832 3304 tantum
846 3263 953 3306 unum
966 3264 1138 3329 quemque
1152 3245 1244 3309 abla-
1327 3245 1328 3260 ²

195 3355 308 3407 turum
334 3354 465 3427 putant,
487 3352 651 3430 quantpm
678 3340 740 3404 sibi
767 3362 807 3406 ac
832 3341 946 3406 liberis
970 3342 1040 3407 suis
1065 3343 1146 3408 satis
1171 3365 1243 3410 esse

197 3443 396 3507 arbitretur:
429 3463 533 3514 nunc,
553 3441 644 3527 quod
669 3441 742 3528 ejus
765 3441 857 3506 modi
870 3441 1000 3529 judicia
1017 3444 1097 3517 sint,
1114 3456 1241 3510 tantum
1327 3435 1328 3446 ¹

196 3562 488 3627 unumquemque
509 3541 655 3613 auferre,
674 3552 838 3626 quantum
860 3540 936 3616 sibi,
956 3543 1119 3626 patronis,
1142 3545 1242 3608 advo-

197 3642 294 3714 catis,
316 3640 475 3725 praetori,
496 3639 683 3726 judicibuS,
709 3640 790 3703 satis
814 3639 964 3704 futurum
989 3643 1050 3706 sit:
1080 3645 1146 3708 hoc
1170 3666 1242 3728 pro·

149 3763 182 3816 35
199 3739 285 3802 secto
309 3739 477 3801 infinitum
502 3759 598 3832 esse:
624 3759 660 3800 se
683 3738 873 3801 avarissimi
899 3740 1046 3806 hominis
1071 3743 1241 3904 cupiditati
1327 3741 1328 3822 l
