2716 4266
213 147 278 234 196
562 147 720 237 Dascnca
743 148 791 234 of
803 146 907 213 Milo.
1157 141 1257 214 [Mna

256 371 358 416 xxvr.
384 366 432 412 oa.
453 348 544 413 Vide
561 369 663 435 quam
683 349 724 412 sit
736 348 831 413 varia
844 347 933 412 vitae
946 344 1258 432 commutabilisque
1326 375 1327 432 r

130 531 132 535 Α
209 453 308 525 rati0,
335 472 438 537 quam
464 470 556 536 vaga
588 447 813 534 volubilisque
846 447 991 521 fortuna,
1021 459 1171 534 quantae
1193 445 1259 508 iuli·
1326 449 1327 502 i

210 553 364 618 delitates
375 551 410 615 in
429 549 561 622 amicis,
574 569 676 636 quam
697 549 740 612 ad
756 560 891 632 tempus
904 562 1003 632 aptae
1017 546 1266 620 simulationes,¹

209 668 357 742 quantae
374 651 408 716 in
427 649 588 736 periculis
611 647 715 735 fugae
740 649 986 734 proximorum,
1005 660 1154 733 quantae
1180 645 1262 708 timi-

154 781 169 835 5
210 755 342 818 ditates.
393 749 480 825 Erit,
502 750 564 815 erit
588 748 672 814 illud
697 749 849 833 profecto
866 759 1011 832 tempus,
1030 758 1063 811 et
1079 745 1262 809 inlucescet
1326 821 1327 828 p

210 853 394 939 aliquando
422 852 480 916 ille
510 849 596 925 dies
625 870 703 914 cum
736 847 1053 920 tu—salutaribus‚
1081 857 1118 909 ut
1150 866 1260 928 spere,
1326 883 1327 928 3

210 955 310 1031 rebus
331 953 409 1026 tuis,
423 952 484 1017 sed
504 951 648 1016 fortasse
673 962 765 1014 motu
791 948 904 1036 aliquo
928 945 1162 1012 communium
1183 957 1263 1008 tem-

209 1077 344 1140 porum,
363 1053 420 1140 qui
437 1075 540 1140 quam
559 1051 679 1117 crebro
697 1048 831 1115 accidat
847 1048 978 1134 experti
996 1047 1082 1126 scire
1099 1045 1263 1124 debemus

209 1167 298 1222 -et
320 1153 517 1219 amicissimi
542 1151 815 1218 benevolentiam
842 1162 875 1214 et
898 1147 1091 1242 gravissimi
1117 1145 1262 1210 hominis

158 1292 191 1331 10
211 1257 311 1320 tidem
329 1267 362 1318 et
378 1253 478 1318 unius
496 1264 570 1340 post
588 1251 860 1334 hominesnatos
883 1248 1055 1326 fortissimi
1080 1246 1143 1310 viri
1170 1266 1263 1334 mag·
1326 1241 1327 1316 ἶ

207 1353 396 1442 vnitudinem
430 1354 535 1418 animi
553 1354 738 1420 desideres.
787 1371 834 1418 το.
859 1347 1081 1438 Qamquam
1098 1347 1176 1434 quis
1202 1343 1266 1428 ho‘c·

210 1456 337 1528 credat,
356 1453 423 1519 Cn.
443 1451 660 1539 Pompeium,
675 1445 762 1542 juris
796 1447 935 1539 publici,
958 1450 1060 1515 moris
1082 1447 1262 1536 majorum,

210 1555 256 1618 rei
275 1554 422 1640 denique
438 1547 870 1640 publicae'peritissimum,
886 1574 963 1618 curn
978 1561 1115 1616 senatus
1129 1548 1159 1612 ei
1176 1569 1263 1613 com·
1326 1575 1327 1578 ¹

211 1654 337 1718 miserit
360 1666 397 1718 ut
412 1655 542 1719 videret
564 1653 624 1720 Ne
642 1655 729 1740 quid
743 1676 798 1718 res
807 1653 952 1742 publica
969 1649 1174 1715 detrzmentz'
1187 1653 1263 1734 cap

161 1781 190 1837 ις
210 1763 282 1820 eret
305 1754 390 1842 (quo
410 1776 479 1818 uno
498 1753 669 1818 versiculo
692 1749 773 1818 satis
801 1753 922 1818 armati
947 1773 1082 1836 semper
1105 1749 1262 1815 consules
1326 1759 1327 1762 ’

208 1853 357 1930 luerunt,
375 1855 476 1918 etiam
495 1853 597 1918 nullis
614 1853 718 1918 armis
736 1853 858 1940 datis),
879 1855 971 1918 hunc
987 1850 1153 1924 exercitu,
1174 1851 1263 1916 hunc

209 1955 335 2022 dilectu
363 1953 453 2028 dato,
480 1953 648 2042 judicium
677 1966 954 2039 exspectaturum
987 1951 1092 2017 suisse
1124 1952 1159 2016 in
1195 1950 1262 2040 ejus
1326 1969 1327 1976 ¹

205 2053 359 2140 'consiliis
375 2053 603 2134 vindicandis,
622 2053 680 2139 qui
693 2053 726 2118 vi
740 2053 870 2141 judicia
887 2054 963 2140 ipsa
980 2050 1133 2118 tolleret?
1174 2050 1263 2117 Satis

217 2152 407 2242 judicatum
428 2164 517 2226 esta
542 2147 720 2238 Pompeio,
743 2154 837 2228 satis,
859 2153 946 2220 falso
971 2153 1034 2218 ista
1058 2151 1208 2218 conferri
1232 2151 1262 2214 in

159 2273 193 2312 20
210 2251 391 2328 Milonem,
409 2250 466 2340 qui
484 2253 597 2340 legem
614 2253 700 2327 tulit,
720 2274 801 2340 qua,
819 2265 856 2319 ut
866 2275 939 2341 ¹ego
956 2253 1077 2328 sentio,
1096 2249 1262 2334 Milonem

210 2351 340 2443 absolvi
358 2373 378 2416 a
394 2351 490 2418 vobis
506 2365 687 2437 oporteret,
707 2365 743 2417 ut
758 2375 878 2418 omnes
899 2353 1114 2429 confitentur,
1133 2351 1259 2418 liceret.

205 2448 249 2516 Ἦ.
274 2451 378 2541 Quod
395 2475 475 2518 vero
492 2447 525 2516 in
542 2452 602 2520 illo
618 2453 693 2518 loco
711 2464 811 2540 atque
836 2453 902 2524 illis
926 2454 1141 2540 publicorum
1165 2473 1264 2540 prae·

205 2551 372 2640 *sidiorum
390 2551 497 2638 copiis
513 2552 739 2618 circumfusus
757 2554 863 2629 sedet,
878 2547 959 2619 satis
977 2552 1129 2619 declarat
1145 2573 1261 2618 senon

211 2665 370 2718 terrorem
389 2653 513 2717 inferre
528 2653 771 2740 vobis—quid
789 2653 879 2719 enim
898 2655 1010 2720 minus
1035 2655 1094 2719 illo
1118 2655 1261 2743 dignum

161 2767 193 2822 25
210 2775 313 2839 quam
340 2773 464 2840 cogere
490 2764 525 2816 ut
551 2774 611 2816 vos
637 2774 716 2824 eum
744 2756 991 2836 condemnetis,
1009 2755 1044 2819 in
1066 2776 1169 2843 quem
1193 2755 1261 2819 ani·

207 2845 422 2938 madvertere
451 2851 524 2938 ipse
550 2863 583 2919 et
608 2875 702 2918 more
726 2855 893 2943 majorum
911 2867 943 2921 et
959 2877 1021 2920 suo
1033 2855 1110 2944 jure
1127 2851 1261 2941 posset?

211 2953 271 3017 sed
299 2950 469 3036 praesidio
497 2971 587 3032 esse,
616 2964 653 3017 ut
680 2953 886 3042 intellegatis
918 2968 1036 3020 contra
1068 2955 1261 3020 hesternam

210 3052 304 3116 illam
339 3050 532 3116 contionem
567 3051 670 3118 licere
708 3054 804 3119 vobis
841 3055 932 3146 quod
969 3053 1121 3122 sentiatis
1157 3055 1261 3120 libere

215 3151 380 3240 judicare.

159 3265 193 3321 30
255 3272 371 3316 xxvu.
398 3269 444 3316 τε.
457 3251 546 3332 ‚Nec
561 3274 643 3318 vero
660 3275 728 3329 me,
742 3252 890 3343 judices,
908 3251 1116 3320 Clodianum
1133 3255 1260 3321 crimen

206 3365 335 3438 movet,
367 3375 430 3418 nec
462 3365 533 3417 tam
564 3375 639 3418 sum
668 3354 811 3421 demens
838 3366 977 3441 tamque
1007 3355 1110 3420 vestri
1142 3375 1258 3421 sensus

212 3451 352 3539 ignarus
370 3465 470 3539 atque
488 3475 625 3538 experS,
643 3465 679 3518 ut
696 3454 846 3520 nesciam
867 3454 949 3540 quid
966 3455 1008 3519 de
1029 3467 1136 3519 morte
1162 3442 1258 3520 Clodi

211 3552 374 3617 sentiatis,
406 3553 458 3618 De
475 3575 556 3641 qua,
576 3553 602 3618 si
623 3553 695 3641 jam
713 3556 839 3619 nollem
856 3554 903 3619 ita
919 3553 1049 3619 diluere
1066 3555 1209 3644 crimen,
1226 3564 1258 3617 ut

211 3652 307 3725 dilui,
327 3665 442 3716 tamen
460 3653 599 3738 impune
617 3651 740 3718 Miloni
758 3655 873 3738 palam
891 3655 1041 3718 clamare
1063 3675 1105 3720 ac
1129 3651 1257 3720 mentiri

84 3775 85 3778 ¹
160 3782 193 3835 35
213 3752 360 3836 gloriose
374 3751 512 3816 liceret:
537 3763 545 3791 ⁴
560 3749 694 3826 Occidi,
709 3751 832 3827 occidi,
847 3775 915 3817 non
929 3752 991 3840 Sp.
1008 3751 1190 3830 Maelium,
1203 3753 1255 3842 qui

212 3845 349 3913 annona
373 3849 520 3912 levanda
540 3848 749 3936 jacturisque
773 3849 822 3918 rei
845 3850 1036 3932 familiaris,
1057 3855 1137 3942 quia
1161 3853 1255 3920 nimis
