2668 4262
94 205 162 248 xm.
177 193 235 265 33]
334 193 528 262 Character
551 195 599 283 os
617 195 673 262 the
702 193 929 284 conspaacy.
1107 199 1152 283 97

672 307 827 372 unffihhv

90 406 221 462 vescet.
270 411 317 461 aa.
343 394 424 480 Qua
443 417 481 462 re
500 396 665 464 secedant
685 396 844 484 improbi,
867 407 1050 464 secernant
1069 417 1107 462 se
1131 416 1151 462 a

90 496 205 572 bonis,
220 499 375 562 nnumin
389 499 501 564 locum
516 508 782 585 congregentur,
797 519 895 564 muro
911 498 1059 584 denique
1076 495 1146 585 [id]

92 599 208 684 (quod
224 617 328 684 saepe
348 597 421 684 jam
439 598 528 682 dixi)
550 597 788 662 discernantur
807 618 828 662 a
848 597 967 662 nobis:
992 597 1151 662 desinant

88 698 364 780 insidiaridomi
384 717 468 762 suae
485 698 631 772 consuli,
650 697 871 764 circumstare
887 696 1033 762 tribunal
1052 718 1151 781 prae·

87 798 172 864 toris
190 785 324 872 urbani,
342 797 501 864 obsidere
517 817 596 862 cum
613 797 739 885 gladiis
756 797 902 872 curiam,
920 797 1098 862 malleolos
1117 808 1150 864 et
1184 821 1200 880 ς

86 897 186 964 faces
203 900 247 965 ad
263 898 546 964 inflammandam
563 898 683 962 urbem
701 918 924 984 comparare:
947 897 989 962 sit
1001 896 1149 982 denique

85 998 292 1083 inscriptum
316 999 351 1062 in
371 999 480 1064 fronte
497 997 599 1064 unius
617 997 783 1086 cujusque
800 997 882 1084 quid
899 998 994 1062 dere
1011 997 1148 1082 publica

85 1100 226 1163 sentiat.
275 1097 445 1164 Polliceor
462 1100 528 1164 hoc
544 1097 653 1172 vobis,
673 1109 787 1182 patres
804 1096 1001 1182 conscripti,
1019 1107 1148 1162 tantam

85 1198 121 1262 in
144 1199 248 1264 nobis
270 1199 466 1264 consulibus
491 1198 563 1264 sore
587 1197 815 1285 diligentiam,
839 1208 967 1262 tantam
991 1196 1026 1262 in
1050 1198 1148 1264 vobis

85 1299 339 1374 auctoritatem,
361 1310 489 1364 tantam
516 1298 552 1364 in
580 1298 750 1385 equitibus
777 1297 947 1365 Romanis
974 1297 1145 1376 virtutem,
1167 1325 1198 1364 ro

84 1409 220 1463 tantam
248 1399 283 1463 in
310 1399 469 1464 omnibus
497 1399 595 1464 bonis
619 1399 895 1472 consensionem,
916 1409 954 1462 ut
976 1396 1147 1464 Catilinae

84 1498 300 1582 profectione
312 1498 428 1564 omnia
439 1498 624 1587 patefacta,
638 1497 828 1575 inlustrata,
843 1518 1022 1584 oppressa,
1036 1498 1147 1565 vindi-

84 1609 165 1663 cata
183 1620 259 1664 esse
275 1599 433 1664 videatis

65 1774 69 1779 .
129 1717 180 1764 aa.
206 1699 313 1765 Hisce
329 1699 513 1774 ominibus,
531 1697 694 1776 Catilina,
713 1720 791 1766 cum
808 1719 943 1766 summa
962 1698 1011 1764 rei
1034 1699 1147 1786 publi·

84 1801 292 1874 mesalum,
310 1820 389 1864 cum
410 1810 468 1864 tua
488 1813 583 1884 peste
606 1821 648 1866 ac
671 1800 836 1886 pernicie,
854 1821 1002 1888 cumque
1026 1821 1145 1866 eorum
1164 1823 1194 1878 ις

84 1901 194 1965 exitio
210 1900 268 1987 qui
285 1921 323 1964 se
342 1911 456 1965 tecum
479 1900 573 1966 omni
597 1901 727 1966 scelere
749 1901 1000 1989 parricidioque
1020 1901 1146 1989 junxe-

84 2012 178 2076 runt,
197 2000 414 2085 proficiscere
432 1999 477 2065 ad
493 1999 635 2085 impium
653 2001 780 2066 bellum
798 2022 839 2067 ac
855 2001 1037 2066 nefarium.
1072 2003 1143 2080 Tu,

88 2099 265 2188 Juppiter,
278 2100 336 2188 qui
349 2100 459 2166 isdem
471 2100 595 2187 quibus
608 2101 695 2166 haec
708 2101 788 2168 urbs
802 2102 964 2188 auspiciis
981 2099 1020 2190 [a
1037 2101 1145 2168 Rom·

82 2201 161 2289 ulo]
188 2221 225 2266 es
247 2200 460 2276 constitutus,
484 2221 587 2287 quem
607 2199 777 2266 Statorem
798 2201 900 2290 hujus
921 2203 1015 2269 urbis
1043 2213 1144 2289 atque

82 2300 210 2386 imperi
233 2321 313 2366 vere
338 2300 569 2374 nominamus,
593 2301 686 2366 hunc
709 2313 742 2366 et
765 2302 867 2390 hujus
891 2302 1001 2368 socios
1029 2323 1050 2367 a
1077 2303 1143 2368 tuis
1161 2326 1192 2362 ιο

83 2401 277 2488 ceterisque
301 2400 449 2486 templis,
472 2421 492 2465 a
515 2401 611 2466 tectis
636 2401 728 2466 urbis
753 2422 795 2467 ac
817 2403 1008 2477 moenibus,
1033 2423 1053 2468 a
1074 2403 1143 2468 vita

84 2500 298 2589 fortunisque
311 2501 438 2567 civium
456 2499 644 2589 [omnium]
663 2502 808 2577 arcebis,
823 2512 856 2568 et
868 2503 1024 2568 homines
1036 2503 1142 2568 bono-

83 2623 163 2666 rum
179 2602 350 2677 inimicos,
369 2601 474 2667 hostis
491 2601 633 2686 patriae,
653 2603 801 2668 latrones
821 2602 954 2678 Italiae,
973 2604 1142 2668 scelerum

84 2701 224 2770 loedere
248 2702 335 2766 inter
358 2721 396 2768 se
421 2722 462 2766 ac
477 2702 609 2766 nefaria
626 2702 787 2768 societate
803 2703 1016 2791 conjunctos,
1035 2714 1143 2770 aeter·

84 2802 140 2870 nis
156 2801 333 2890 suppliciis
349 2800 445 2867 vivos
462 2813 679 2890 mortuosque
696 2802 874 2868 mactabis·
905 2835 996 2953 Vs
1105 2831 1124 2904 Ἴ·
1158 2822 1213 2952 a}

930 2895 1227 2975 sea,1†‘!5,'

527 3033 702 3046 ἡ*

282 3205 316 3254 2.
350 3186 546 3256 Character
570 3187 618 3274 of
635 3187 692 3251 the
720 3185 946 3274 Conspiracy.

412 3339 511 3390 Before
524 3339 571 3389 the
583 3338 694 3404 People,
708 3339 782 3389 Nov.
792 3353 817 3405 9.

124 3472 227 3525 Wrrert
245 3468 344 3522 Cicero
362 3464 418 3520 had
437 3463 558 3518 finished
576 3464 621 3517 his
639 3464 742 3533 speech
759 3463 814 3518 and
827 3465 911 3518 taken
923 3463 968 3516 his
982 3473 1050 3530 seat,
1066 3463 1140 3518 Cati·

89 3559 144 3614 line
163 3559 316 3628 attempted
335 3565 364 3611 to
385 3556 470 3627 reply‚
488 3556 539 3610 but
552 3572 608 3608 was
625 3555 797 3623 interrupted
816 3554 853 3626 by
871 3556 917 3608 the
937 3556 1007 3608 eries
1024 3554 1080 3608 and
1097 3570 1139 3607 re-

90 3652 223 3720 proaches
236 3649 268 3703 oi
284 3649 331 3702 the
346 3649 488 3701 Senators.
514 3645 593 3699 With
606 3645 684 3698 asew
693 3645 871 3716 threatening
880 3646 978 3712 words,
987 3645 1022 3700 he
1035 3642 1140 3698 rushed

91 3739 158 3796 irorn
170 3743 217 3797 the
230 3741 327 3806 house,
341 3737 396 3792 and
409 3736 457 3792 left
474 3736 521 3790 the
538 3737 593 3807 city
606 3735 653 3790 the
672 3753 749 3789 same
768 3735 854 3806 night,
874 3735 916 3788 sor
936 3736 982 3789 the
1002 3751 1083 3804 camp
1104 3733 1137 3788 ot

93 3833 222 3887 Manlius,
259 3832 321 3885 The
335 3837 403 3884 next
415 3829 544 3898 morning
556 3828 603 3880 the
616 3827 715 3880 consul
728 3826 888 3881 assembled
899 3827 947 3880 the
964 3826 1070 3896 people‚
1084 3823 1140 3881 and

92 3921 376 3979 announcedtothem
385 3920 433 3974 the
442 3918 621 3987 news,inthe
630 3917 802 3986 triumphant
811 3917 1011 3987 speechwhich
1020 3917 1137 3970 follows.

604 4021 620 4072 ἵ
