2668 4262
205 179 271 266 176
563 178 719 265 Defence
741 181 790 266 of
806 179 910 246 Milo.
1137 178 1253 252 [an

205 381 336 450 absolvi
368 403 446 446 eum
478 379 535 468 qui
567 380 740 456 fateretur,
770 402 848 447 cum
881 381 1009 448 videret
1043 405 1105 448 nos
1143 381 1252 454 fateri,

205 505 316 568 neque
340 482 458 569 quaeri
483 503 645 568 umquam
665 481 834 570 jussisset,
854 504 918 547 nec
944 484 1041 548 vobis
1069 495 1139 548 tam
1164 483 1256 548 hanc

206 583 389 647 salutarem
421 585 454 646 in
483 582 671 674 judicando
698 583 843 646 litteram
872 603 975 669 quam
1003 582 1097 646 illam
1125 583 1254 647 tristem

206 683 365 748 dedisset.
416 681 505 746 Mihi
533 703 614 747 vero
642 681 709 747 Cn.
733 681 919 768 Pompeius
943 705 1011 748 non
1040 683 1142 748 modo
1170 682 1257 746 nihil

151 813 166 868 5
205 783 346 872 gravius
370 793 486 846 contra
507 780 674 847 Milonem
694 781 962 870 judicasse‚'sed
979 783 1080 846 etiam
1097 782 1258 848 statuisse

207 885 339 951 videtur
355 883 436 970 quid
452 904 513 946 vos
529 882 563 946 in
577 881 765 970 judicando
781 895 936 968 spectare
947 894 1127 968 oporteret.
1162 881 1259 946 Nam

206 984 264 1070 qui
282 1005 349 1048 non
367 1003 514 1068 poenam
531 981 749 1056 confessioni,
768 983 829 1048 sed
846 982 1078 1048 defensionem
1102 982 1214 1057 dedit,
1232 981 1260 1046 is

207 1104 347 1150 causam
373 1082 799 1168 interitusquaerendam,
818 1104 885 1148 non
914 1083 1085 1173 interitum
1113 1081 1259 1166 putavit.

207 1200 250 1247 m.
268 1183 348 1270 Jam
365 1182 450 1246 illud
467 1182 539 1268 ipse
556 1182 646 1246 dicet
661 1181 825 1266 prosect0‚
839 1183 932 1268 quod
948 1204 1010 1248 sua
1027 1194 1147 1268 sponte
1165 1180 1260 1256 fecit,

155 1327 187 1368 ,ο
208 1283 375 1372 Publione
388 1281 512 1348 Clodio
528 1281 744 1356 tribuendum
762 1282 887 1368 putarit
903 1303 948 1347 an
965 1282 1121 1368 tempori.

253 1403 317 1449 v11.
345 1381 448 1446 Domi
481 1402 563 1446 suae
594 1381 825 1449 nobilissimus
857 1381 920 1466 vir,
947 1394 1085 1447 senatus
1108 1403 1264 1470 propug-

209 1496 318 1562 nator,
345 1495 446 1571 atque
470 1481 537 1546 illis
560 1480 699 1568 quidem
722 1481 932 1566 temporibus
954 1503 1065 1567 paene
1081 1494 1262 1568 patronus,

210 1580 518 1672 avunculushujus
535 1580 661 1670 judicis
678 1582 796 1656 nostri,
809 1581 980 1647 tortissimi
997 1582 1072 1659 viri,
1086 1581 1138 1646 M.
1158 1581 1265 1648 Cato-

210 1686 276 1760 nis,
294 1684 448 1750 tribunus
472 1681 581 1768 plebis
606 1681 658 1746 M.
672 1682 813 1774 ¹Drusus
836 1683 970 1748 occisus
993 1694 1054 1750 est.
1102 1681 1207 1748 Nihil
1223 1683 1266 1748 de

156 1821 187 1875 15
211 1786 285 1876 ejus
301 1799 407 1858 morte
424 1786 571 1871 populus
588 1784 782 1868 consultus,¹
794 1784 888 1848 nulla
908 1784 1061 1870 quaestio
1081 1784 1225 1852 decreta
1246 1805 1265 1846 a

211 1900 332 1954 senatu
348 1899 409 1952 est.
452 1884 629 1971 Quantum
646 1884 773 1951 luctum
791 1884 825 1952 in
843 1885 909 1950 hac
926 1887 1009 1950 urbe
1025 1885 1130 1951 fuisse
1147 1905 1170 1950 a
1188 1906 1266 1951 nos·

210 1990 269 2054 tris
291 1988 444 2076 patribus
468 1986 677 2071 accepimus,
696 2006 774 2050 cum
803 1984 844 2049 P.
871 1984 1038 2052 Africano
1061 1986 1153 2052 domi
1182 2007 1265 2052 suae

211 2088 399 2178 quiescenti
426 2087 486 2152 illa
513 2098 678 2152 nocturna
706 2085 757 2150 vis
785 2097 875 2150 esset
901 2085 1028 2152 inlata?
1075 2084 1167 2171 Quis
1195 2099 1265 2152 tum

211 2213 279 2256 non
308 2186 459 2278 gemuit?
518 2185 606 2270 Quis
634 2207 703 2251 non
731 2185 813 2250 arsit
839 2185 970 2263 dolore,
994 2208 1097 2275 quem
1125 2187 1267 2253 immor·

156 2315 190 2354 20
211 2293 339 2367 talem„
358 2290 386 2356 si
410 2287 483 2356 fieri
511 2297 638 2374 posset,
665 2308 785 2352 omnes
812 2307 888 2352 esse
914 2299 1090 2374 cuperent,
1114 2287 1191 2376 ejus
1224 2309 1267 2352 ne

210 2390 442 2461 necessariam
459 2389 597 2476 quidem
614 2398 847 2474 exspectatam
865 2408 940 2454 esse
958 2399 1099 2464 mortem
1114 2385 1122 2452 l
1140 2383 1142 2390 ’
1168 2387 1267 2454 Num

211 2492 316 2579 igitur
338 2491 410 2556 ulla
432 2488 586 2575 quaestio
610 2487 653 2552 de
671 2486 829 2553 Africani
853 2498 959 2552 morte
984 2487 1053 2553 lata
1076 2486 1149 2553 est?
1169 2501 1268 2555 certe

212 2593 319 2658 nulla.
372 2603 414 2650 ιτ.
438 2589 533 2672 Quid
557 2586 625 2652 ita?
656 2587 737 2674 quia
761 2609 829 2652 non
852 2587 919 2652 alio
935 2587 1086 2655 facinore
1103 2587 1188 2654 clari
1205 2590 1269 2654 ho-
1331 2661 1332 2668 χ

213 2693 335 2776 mines,
350 2691 418 2757 alio
430 2687 565 2754 obscuri
582 2699 758 2752 necantur.
794 2687 929 2752 Intersit
943 2687 1035 2774 inter
1046 2688 1135 2752 vitae
1149 2688 1270 2776 digni·

93 2860 98 2872 ,
157 2805 190 2866 25
213 2803 315 2876 tatem
329 2810 539 2856 summorum
554 2799 654 2876 atque
667 2787 883 2855 infimorum:
905 2808 995 2852 mors
1008 2787 1147 2874 quidem
1157 2786 1270 2854 inlata

211 2914 274 2978 per
293 2891 406 2958 scelus
427 2889 535 2954 isdem
556 2898 589 2953 et
611 2886 732 2973 poenis
756 2897 911 2952 teneatur
934 2899 967 2952 et
990 2887 1137 2976 legibus.
1185 2887 1269 2954 Nisi

214 2993 297 3075 sorte
320 2990 434 3078 magis
458 2987 520 3054 erit
543 2987 727 3074 parricida,
753 2987 781 3052 si
807 2987 864 3074 qui
891 2988 1106 3054 consularem
1131 2999 1269 3072 patrem

213 3090 369 3180 quamsi
389 3089 465 3177 quis
489 3088 654 3161 humilem
679 3087 829 3152 necarit:
858 3099 916 3152 aut
939 3109 980 3153 eo
1004 3109 1095 3174 mors
1120 3087 1269 3154 atrocior

214 3193 277 3258 erit
292 3190 332 3255 P.
351 3189 466 3262 Clodi,
484 3187 575 3275 quod
592 3187 620 3252 is
637 3187 671 3250 in
689 3187 918 3252 monumentis
935 3187 1101 3276 majorum
1124 3209 1268 3256 suorum

159 3306 195 3361 30
214 3292 257 3368 sit
280 3289 607 3376 interfectus-hoc
631 3286 721 3353 enim
741 3287 789 3351 ab
811 3286 882 3352 istis
899 3308 1002 3374 saepe
1019 3288 1162 3362 dicitur3
1188 3310 1268 3376 pro·

214 3391 293 3456 inde
310 3389 407 3477 quasi
421 3388 555 3475 Appius
571 3387 628 3452 ille
644 3384 781 3474 Caecus
794 3387 886 3451 viam
904 3387 1097 3463 muniverit,
1111 3410 1181 3454 non
1197 3411 1266 3476 qua

214 3492 361 3577 populus
385 3500 547 3562 uteretur,
565 3487 626 3553 sed
650 3484 708 3552 ubi
733 3485 873 3572 impune
898 3487 948 3552 sui
977 3487 1104 3574 posteri
1130 3488 1266 3554 latroci·
1331 3481 1332 3562 l

213 3588 397 3659 narentur!
1200 3643 1203 3648 ,
1331 3577 1332 3584 '

212 3763 215 3773 .
259 3709 300 3756 rs.
324 3690 442 3774 Itaque
471 3687 505 3750 in
533 3687 654 3751 eadem
681 3687 744 3750 ista
762 3685 877 3772 Appia
904 3687 960 3751 via
986 3708 1064 3755 cum
1091 3689 1263 3757 ornatissi-

161 3795 194 3850 35
216 3811 309 3852 mum
353 3787 500 3872 equitem
530 3786 729 3849 Romanum
761 3785 800 3850 P.
832 3785 975 3872 Clodius
1007 3786 1058 3851 M.
1088 3785 1263 3874 Papirium
1331 3813 1332 3828 ¹

216 3887 407 3961 occidisset,
437 3906 504 3950 non
537 3884 600 3948 suit
620 3884 714 3951 „illud
745 3883 879 3950 facinus
906 3885 1133 3975 puniendum,
1161 3888 1263 3954 homo
