2714 4266
14 151 15 154 Ἴ
96 197 132 237 11.
154 183 191 256 5.]
404 182 474 250 The
496 184 723 251 Mthrz'datic
756 184 851 251 Wor.
1110 202 1153 274 59

41 409 43 414 ·
93 386 235 453 heretis.
285 385 390 454 Nunc
414 409 491 453 cum
517 400 550 474 et
574 387 780 454 auctoritatis
804 389 840 454 in
864 409 919 454 me
941 399 1074 454 tantum
1095 387 1149 464 sit,

93 500 265 574 quantum
288 511 350 553 vos
378 488 563 554 honoribus
591 489 797 554 mandandis
826 511 900 554 esse
928 489 1093 564 voluistis,
1120 502 1152 554 et

94 588 145 652 ad
169 588 344 676 agendum
369 588 538 652 facultatis
562 600 706 661 tantum,
725 601 890 676 quantum
916 589 1044 653 homini
1064 589 1151 676 vigi·
1180 659 1190 681 .-

60 695 63 708 '
93 688 183 752 lanti
200 711 243 752 ex
260 688 385 753 sorensi
403 710 466 752 usu
484 709 590 773 prope
607 690 778 754 cotidiana
795 689 929 754 dicendi
955 689 1150 773 exercitatio
1173 703 1272 744 ..aar
1284 689 1332 784 ‘⁴2'

92 788 206 873 potuit
226 789 372 862 adserre,
395 800 485 852 certe
506 787 584 852 etsi
609 789 691 874 quid
716 789 923 854 auctoritatis
947 788 981 852 in
1007 811 1061 853 me
1086 801 1147 863 est,
1184 811 1201 868 5

92 889 193 974 apud
216 910 275 952 eos
298 900 375 952 utar
397 888 456 974 qui
481 909 557 954 eam
582 889 666 953 mihi
691 889 870 964 dederunt,
894 889 978 954 etsi
1006 889 1088 976 quid
1116 888 1150 952 iu

64 1037 68 1050 .
92 987 245 1054 dicendo
273 988 436 1074 consequi
463 1009 617 1073 possum,
643 988 694 1053 eis
720 991 896 1054 ostendam
922 989 1148 1074 potissimum,

92 1089 156 1174 qui
174 1087 205 1153 ei
221 1109 357 1175 quoque
374 1087 422 1151 rei
442 1087 589 1153 fructum
610 1110 672 1153 suo
688 1088 818 1177 judicio
837 1089 1053 1154 tribuendum
1074 1109 1150 1155 esse

92 1189 281 1254 duxerunt.
330 1203 359 1250 3.
381 1186 496 1274 Atque
524 1187 610 1254 illud
638 1188 673 1252 in
702 1189 820 1274 primis
844 1189 928 1254 mihi
953 1190 1150 1254 laetandum

99 1288 181 1376 jure
199 1310 274 1354 esse
290 1287 404 1364 vide0,
424 1288 515 1374 quod
532 1287 567 1351 in
585 1289 651 1353 hac
668 1287 802 1354 insolita
821 1289 902 1353 mihi
920 1311 964 1354 ex
985 1290 1051 1380 hoc
1074 1291 1150 1354 loco
1167 1313 1199 1351 ro

92 1390 229 1454 ratione
253 1389 389 1455 dicendi
407 1409 511 1453 causa
527 1388 604 1453 talis
621 1389 734 1453 oblata
752 1402 815 1464 est,
832 1389 867 1453 in
884 1411 952 1476 qua
969 1382 1151 1455 oratio'de-
1204 1441 1207 1453 ,

92 1511 174 1554 esse
191 1489 321 1553 nemini
337 1489 454 1574 possit.
505 1487 699 1553 Dicendum
717 1500 767 1554 est
784 1489 875 1554 enim
895 1490 938 1554 de
963 1487 1029 1555 Cn.
1050 1487 1152 1554 Pom·
1183 1488 1196 1537 -’

93 1591 152 1676 pei
171 1589 338 1676 singulari
354 1589 549 1675 eximiaque
565 1589 708 1653 virtute:
734 1589 834 1677 hujus
856 1600 969 1654 autem
988 1590 1151 1655 orationis

84 1690 270 1770 difficilius
294 1702 345 1754 est
368 1689 496 1753 exitum
521 1710 626 1775 quam
650 1689 854 1774 principium
883 1690 1048 1754 invenire.
1100 1691 1150 1754 lta

94 1791 182 1854 mihi
200 1801 356 1855 nontam
374 1789 473 1875 copia
490 1810 593 1876 quam
611 1790 734 1855 modus
754 1790 789 1853 in
814 1790 959 1855 dicendo
982 1811 1197 1877 quaeren-15

92 1892 162 1956 dus
179 1902 242 1955 est.
272 1899 294 1944 a

142 2011 181 2056 11.
208 2005 235 2050 4.
258 1989 485 2078 Atque,-ut
497 1988 576 2054 inde
589 1989 696 2055 oratio
710 2012 786 2055 mea
799 1990 1045 2076 proficiscatur,
1058 1990 1150 2056 unde

92 2092 185 2158 haec
201 2092 313 2156 omnis
330 2111 435 2155 causa
453 2090 599 2165 ducitur,
611 2090 793 2154 -bellurn
811 2112 917 2177 grave
935 2104 967 2155 et
983 2091 1151 2176 periculo-

93 2215 174 2258 sum
191 2191 312 2257 vestris
328 2190 556 2277 vectigalibus
574 2210 614 2254 ac
632 2191 733 2256 sociis
759 2211 778 2254 a
803 2190 935 2255 duobus
959 2191 1150 2276 potentissi-

93 2293 163 2358 mis
187 2293 327 2379 regibus
352 2291 506 2363 insertur,
531 2289 730 2355 Mithridate
756 2303 789 2356 et
810 2291 979 2378 Tigrane,
1005 2313 1149 2378 quorum
1162 2313 1194 2348 ιο

94 2395 183 2458 alter
199 2393 348 2466 relictus,
365 2393 450 2456 alter
466 2391 657 2464 lacessitus,
672 2391 888 2456 occasionem
907 2391 970 2456 sibi
988 2393 1033 2456 ad
1049 2413 1151 2456 occu-

93 2493 248 2578 pandam
274 2491 396 2556 Asiam
419 2491 569 2556 oblatam
595 2512 670 2554 esse
695 2491 911 2555 arbitrantur.
970 2491 1150 2578 Equitibus

93 2593 280 2667 Romanis,
300 2592 547 2656 honestissimis
564 2589 658 2664 viris,
679 2592 878 2656 adseruntur
898 2614 941 2655 ex
958 2590 1044 2655 Asia
1069 2593 1150 2656 coti-

94 2695 153 2759 die
183 2694 325 2768 litterae‚
355 2714 500 2780 quorum
529 2712 679 2778 magnae
707 2713 761 2756 res
791 2704 940 2780 aguntur
967 2693 1001 2755 in
1030 2693 1149 2757 vestris

93 2794 323 2882 vectigalibus
351 2793 553 2858 exercendis
585 2802 794 2876 occupatae:
834 2792 892 2878 qui
922 2792 965 2857 ad
994 2814 1061 2866 me,
1088 2813 1192 2877 pr025

94 2894 348 2959 necessitudine
371 2913 460 2979 quae
486 2891 569 2956 mihi
594 2903 645 2956 est
669 2912 747 2956 cum
771 2889 829 2955 illo
853 2892 985 2966 ordine,
1007 2912 1148 2956 causam

95 2993 147 3060 rei
175 2993 333 3079 publicae
366 2993 586 3080 periculaque
618 3012 732 3055 rerum
765 3012 902 3056 suarum
935 2991 1175 3056 detuleruntz:

94 3109 122 3155 5.
148 3092 344 3180 Bithyniae,
370 3115 459 3179 quae
487 3113 579 3158 nunc
611 3103 722 3156 vestra
755 3091 929 3176 provincia
963 3102 1025 3166 est,
1055 3090 1148 3156 vicos

96 3206 236 3259 exustos
261 3215 336 3258 esse
364 3193 570 3278 compluris;
602 3213 749 3280 regnum
773 3189 1031 3265 Ariobarzanis,
1056 3192 1149 3277 quod

96 3294 277 3359 finitimum
295 3305 346 3358 est
361 3293 481 3358 vestris
498 3291 737 3379 vectigalibus,
756 3302 861 3356 totum
886 3313 961 3356 esse
985 3291 1020 3354 in
1045 3292 1193 3364 hosti-30

96 3415 154 3458 um
172 3405 336 3479 potestate
349 3417 357 3465 ;
379 3392 422 3458 L.
436 3391 635 3467 Lucullum,
651 3391 786 3479 magnis
803 3392 904 3456 rebus
917 3392 1036 3479 gestis,
1051 3393 1094 3456 ab
1108 3413 1149 3458 eo

96 3494 187 3558 bello
216 3493 413 3567 discedere3
443 3493 522 3557 huic
551 3492 607 3579 qui
637 3491 839 3556 successerit
866 3513 934 3555 non
963 3493 1044 3556 satis
1072 3514 1148 3557 esse

97 3605 253 3678 paratum
272 3594 314 3658 ad
332 3604 461 3658 tantum
481 3593 607 3656 bellum
626 3591 954 3664 administrandum
981 3614 1086 3655 unum
1104 3594 1147 3657 ab

98 3693 255 3758 omnibus
280 3693 381 3758 sociis
405 3704 438 3756 et
460 3692 591 3757 civibus
617 3693 660 3756 ad
690 3690 721 3756 id
750 3692 878 3755 bellum
907 3692 1146 3775 imperatorem

98 3793 236 3878 deposci
261 3804 361 3879 atque
386 3792 512 3877 expeti,
531 3792 679 3856 eundem
701 3793 792 3858 hunc
811 3813 917 3856 unum
935 3791 978 3856 ab
995 3791 1146 3858 hostibus
1161 3814 1193 3868 35

99 3894 213 3967 metui,
233 3904 408 3978 praeterea
424 3891 608 3956 neminem.
