2668 4262
192 161 254 206 102
480 144 695 233 Conspz'racy
719 148 768 233 os
786 145 950 212 Catilina.
1065 145 1188 215 [ΕΔΜ
1210 147 1250 200 11.

188 354 242 409 tus
265 344 409 410 insidiae
434 357 523 422 sunt,
545 346 634 412 intus
658 346 829 412 inclusum
854 347 1045 433 periculum
1070 359 1135 426 est,
1158 350 1252 414 intus
1312 347 1313 432 ς

189 457 239 510 est
270 447 387 510 hostis.
438 446 529 511 Cum
562 448 697 511 luxuria
729 448 840 523 nobis
869 470 945 512 curn
975 451 1140 526 amentia,
1168 473 1253 515 cum
1312 439 1313 490 i

105 553 107 558 '
189 546 317 610 scelere
350 548 550 612 certandum
583 560 644 612 est.
697 547 788 612 Huic
820 569 886 634 ego
919 570 973 613 me
1001 550 1093 615 bello
1121 553 1250 617 ducem

188 647 360 730 profiteor,
384 645 556 731 Quirites:
589 647 737 732 suscipio
757 647 952 712 inimicitias
971 651 1150 715 hominum
1172 673 1254 736 per·
1312 667 1313 738 ᾗ

158 739 347 829 editorum.
399 746 501 833 Qrae
533 749 646 814 sanari
675 760 844 833 poterunt,
869 770 1087 839 quacumque
1115 755 1253 816 ratione

189 848 318 911 sanabo
332 869 339 920 ;
360 869 449 934 quae
463 849 651 912 resecanda
665 863 775 923 erunt,
790 871 859 914 non
874 851 984 935 patiar
997 853 1040 916 ad
1058 851 1252 937 perniciem

188 947 333 1012 civitatis
358 969 510 1012 manere.
559 947 708 1014 Proinde
733 960 791 1014 aut
815 963 953 1027 exeant,
972 963 1030 1016 aut
1052 953 1250 1038 quiescant,

189 1057 259 1122 aut,
281 1047 310 1112 si
338 1059 371 1112 et
396 1047 432 1112 in
456 1049 539 1113 urbe
564 1049 655 1113 etin
680 1051 803 1115 eadem
828 1063 939 1117 mente
963 1063 1179 1139 permanent,
1208 1074 1254 1117 ea
1312 1059 1313 1088 ³

188 1168 277 1233 quae
303 1161 474 1212 merentur
497 1161 708 1234 exspectent.
1312 1151 1313 1154 ’

142 1273 173 1311 10
234 1267 284 1310 vr.
310 1264 352 1311 12.
374 1247 423 1312 At
446 1249 546 1314 etiam
572 1260 650 1314 sunt
672 1249 731 1336 qui
755 1251 883 1329 dicant,
906 1251 1071 1338 Quirites,
1092 1273 1113 1317 a
1134 1275 1191 1318 me
1215 1253 1254 1316 in

189 1348 348 1413 exsilium
373 1348 518 1436 ejectum
543 1370 618 1414 esse
643 1349 841 1416 Catilinam.
891 1351 998 1438 (Quod
1013 1375 1079 1441 ego
1096 1352 1124 1418 si
1142 1353 1254 1418 verbo

190 1448 332 1534 adsequi
350 1470 499 1533 possem,
518 1449 599 1515 istos
616 1450 708 1536 ipsos
731 1452 891 1526 eicerem,
909 1453 967 1539 qui
992 1455 1079 1518 haec
1101 1455 1254 1538 loquun-

190 1561 254 1612 tur.
307 1547 420 1614 Homo
444 1551 535 1615 enim
559 1551 719 1616 videlicet
741 1553 880 1618 timidus
904 1553 1088 1618 autetiam
1112 1573 1254 1638 permo-

191 1651 306 1714 destus
334 1670 453 1715 vocem
482 1652 633 1717 consulis
656 1653 745 1718 serre
768 1675 838 1718 non
860 1653 987 1740 potuit:
1019 1653 1119 1719 simul
1146 1664 1253 1738 atque
1312 1657 1313 1668 ¹

141 1774 172 1828 15
191 1750 239 1814 ire
257 1749 291 1814 in
309 1749 467 1815 exsilium
487 1751 604 1839 jussus
624 1765 686 1829 est,
705 1754 829 1839 paruit.
879 1751 996 1837 Quid?
1027 1763 1063 1817 ut
1087 1754 1252 1817 hesterno
1312 1757 1313 1806 l

191 1849 259 1924 die,
276 1848 441 1934 Quirites,
461 1872 538 1916 cum
556 1853 648 1918 domi
665 1875 763 1918 meae
780 1875 890 1939 paene
907 1853 1102 1918 interfectus
1118 1873 1251 1928 essem,

191 1962 346 2015 senatum
366 1952 400 2016 in
422 1953 543 2018 aedem
563 1953 659 2039 Jovis
684 1953 828 2020 Statoris
852 1953 1053 2028 convocavi,
1076 1975 1148 2016 rem
1171 1975 1253 2016 om-

191 2073 270 2116 nem
299 2053 343 2116 ad
371 2064 484 2138 patres
509 2054 719 2139 conscriptos
745 2053 871 2128 detuli:
903 2075 971 2140 quo
995 2071 1073 2117 cum
1096 2051 1253 2117 Catilina

190 2154 351 2229 venisset,
373 2154 450 2241 quis
469 2175 548 2219 eurn
568 2167 704 2220 senator
729 2151 935 2239 appellavit?
966 2152 1043 2239 quis
1067 2151 1254 2217 salutavit?
1312 2197 1313 2240 ᾗ

140 2275 172 2313 20
192 2253 268 2338 quis
285 2254 433 2340 denique
450 2255 496 2319 ita
513 2255 647 2340 aspexit
663 2267 699 2319 ut
715 2255 885 2340 perditum
902 2254 1025 2329 civem,
1044 2273 1086 2316 ac
1102 2273 1168 2316 non
1188 2274 1255 2337 poe

190 2353 257 2419 tius
273 2365 310 2418 ut
322 2355 648 2440 importunissimum
663 2353 817 2420 hostem?
850 2352 1060 2436 Quinetiam
1075 2351 1255 2437 principes

191 2455 265 2541 ejus
288 2456 417 2521 ordinis
442 2467 578 2540 partem-
597 2455 691 2520 illam
713 2454 969 2529 subselliorum,
993 2453 1037 2517 ad
1061 2473 1163 2538 quam
1189 2452 1254 2518 ille
1312 2535 1313 2540 ἵ

191 2570 396 2631 accesserat,
414 2557 542 2621 nudam
560 2568 661 2640 atque
680 2555 818 2619 inanem
843 2555 1063 2640 reliquerunt.
1111 2568 1153 2615 1³.
1177 2551 1255 2617 Hic

191 2676 257 2742 ego
281 2657 468 2721 vehemens
492 2656 549 2721 ille
574 2656 706 2730 consul,
725 2655 782 2741 qui
809 2654 913 2718 verbo
933 2653 1018 2717 civis
1034 2653 1069 2716 in
1086 2651 1254 2716 exsilium
1312 2675 1313 2736 j

142 2775 172 2830 ²5
190 2756 289 2833 eicio,
319 2755 473 2843 quaesivi
505 2776 525 2820 a
557 2754 706 2821 Catilina
737 2755 970 2819 in-nocturno
1001 2762 1170 2817 conventu
1203 2753 1254 2817 ad
1312 2767 1313 2836 ᾗ

135 2905 136 2910 η
190 2857 242 2922 Μ.
263 2856 415 2922 Laecam
433 2856 551 2922 fuisset
566 2876 688 2921 necne.
737 2854 827 2920 Cum
845 2853 915 2928 ille,
936 2854 1038 2918 homo
1059 2849 1254 2917 audacissi-
1312 2917 1313 2922 ,

190 2980 279 3034 mus,
305 2957 513 3023 conscientia
537 2957 725 3031 convictus,
744 2955 854 3040 primo
877 2952 1083 3028 reticuisset,
1099 2953 1251 3038 patefeci

189 3069 323 3123 cetera:
347 3057 429 3144 quid
446 3077 486 3122 ea
503 3067 602 3121 nocte
624 3056 763 3142 egisset,
781 3055 864 3142 quid
888 3054 923 3118 in
947 3053 1139 3138 proximam
1163 3073 1250 3118 con·
1312 3077 1313 3086 ¹

189 3157 362 3233 stituisset,
385 3178 488 3243 quem
512 3158 557 3222 ad
581 3157 721 3221 modum
749 3167 837 3221 esset
864 3154 895 3219 ei
923 3153 1008 3218 ratio
1034 3153 1135 3217 totius
1161 3152 1247 3220 belli

143 3258 373 3342 30descripta,
402 3255 536 3326 edocui.
597 3255 687 3321 Cum
720 3256 914 3329 haesitaret,
947 3275 1026 3318 cum
1057 3263 1244 3333 teneretur,

189 3345 342 3443 quaesivi
358 3357 441 3444 quid
457 3355 625 3422 dubitaret
644 3354 814 3441 proficisci
838 3376 893 3428 eo,
916 3375 983 3440 quo
1007 3352 1080 3440 jam
1109 3353 1244 3437 pridem

189 3468 337 3544 pararet,
351 3479 428 3521 cum
444 3477 551 3532 arma,
564 3477 642 3520 curn
656 3455 798 3529 securis,
813 3474 891 3518 curn
904 3453 1020 3527 sasciS,
1036 3474 1115 3516 curn
1127 3454 1242 3531 tubas,

189 3578 267 3622 curn
285 3557 384 3643 signa
402 3556 571 3631 militaria,
587 3576 665 3619 cum
684 3555 832 3640 aquilam
850 3552 943 3616 illam
957 3563 1170 3638 argenteam,
1186 3556 1242 3620 cui

189 3656 246 3719 ille
263 3656 364 3718 etiam
382 3655 568 3719 sacrarium
588 3652 790 3739 [scelerum]
811 3650 903 3716 dorni
920 3671 1003 3715 suae
1018 3651 1243 3742 fecerantsci-

146 3771 178 3824 35
191 3776 262 3818 rem
279 3775 353 3817 esse
371 3753 608 3838 praemissam.
641 3769 682 3814 14.
706 3753 746 3815 In
763 3751 922 3815 exsilium
939 3751 1118 3828 eiciebam,
1136 3774 1241 3838 quern

196 3853 268 3940 jam
278 3852 470 3937 ingressum
481 3872 557 3916 esse
568 3851 603 3915 in
615 3850 742 3916 bellum
753 3847 935 3915 videbam?
960 3849 1109 3928 Etenim,
1121 3853 1239 3934 credo,
