2716 4266
129 205 131 208 .
175 164 240 232 194
532 137 690 226 Desence
713 140 761 227 eff
781 139 883 206 Milo.
1118 137 1230 210 [an

173 344 218 409 tia
236 343 473 430 perculissent,
488 351 524 405 ut
536 339 705 416 sustinuit,
720 339 754 406 di
772 339 1001 406 immortalesl
1035 340 1232 408 Sustinuit?
1327 411 1328 428 χ

173 444 278 508 immo
300 464 381 507 vero
405 455 441 506 ut
465 441 667 525 contempsit
690 461 732 504 ac
756 463 817 525 pro
841 442 948 506 nihilo
972 441 1117 526 putavit,
1138 464 1229 528 quae

173 565 284 628 neque
309 542 461 606 maximo
486 540 600 604 animo
623 561 751 604 nocens
769 563 879 626 neque
893 541 1060 610 ,innocens
1077 542 1143 607 nisi
1163 542 1229 607 for.

173 643 323 706 tissimus
350 642 401 704 vir
434 641 618 726 neglegere
646 639 831 726 potuissetl
871 640 1066 716 Scotorum,
1093 642 1230 729 gladio-

121 765 136 818 5
173 763 261 814 rum,
278 742 463 815 frenorum,
480 740 693 826 pilorumque
707 739 808 805 etiam
823 741 1000 806 multitudo
1014 739 1231 828 deprehendi

174 863 274 927 posse
305 840 539 914 indicabatur3
580 841 712 904 nullum
744 841 779 906 in
814 841 897 906 urbe
931 833 1058 917 uicum,
1093 843 1231 906 nullum

174 940 390 1027 angiportum
414 961 489 1006 esse
507 940 678 1017 dicebant,
698 941 731 1005 in
749 963 816 1027 quo
833 940 955 1006 Miloni
972 943 1141 1007 conducta
1159 963 1230 1008 non

174 1052 263 1106 esset
293 1041 437 1116 domus3
478 1062 573 1106 arma
605 1041 641 1106 in
667 1042 784 1106 villam
814 1041 1058 1108 Ocriculanam
1084 1045 1233 1110 devecta

174 1141 305 1216 Tiberi,
340 1141 461 1206 domus
503 1141 539 1207 in
580 1143 668 1208 clivo
708 1141 903 1229 Capitolino
943 1144 1048 1208 scutis
1087 1143 1228 1218 referta,

123 1275 155 1314 10
175 1242 277 1329 plena
294 1243 409 1306 omnia
428 1244 662 1308 malleolorum
681 1244 724 1308 ad
738 1244 830 1309 urbis
843 1244 1002 1309 incendia
1015 1256 1232 1329 comparato·

175 1365 271 1407 rum:
298 1343 384 1408 haec
404 1366 470 1408 non
493 1344 605 1409 delata
630 1344 754 1420 solum,
778 1345 839 1410 sed
864 1365 974 1429 paene
998 1345 1139 1418 credita,
1165 1365 1231 1408 nec

176 1457 253 1508 ante
286 1445 463 1528 repudiata
495 1456 573 1509 sunt
604 1466 707 1530 quam
739 1445 904 1530 quaesita.
953 1459 998 1508 66.
1022 1443 1230 1510 Laudabam

176 1543 335 1629 equidem
372 1535 605 1610 incredibilem
638 1545 850 1632 diligentiam
883 1542 950 1609 Cn.
982 1544 1137 1629 Pompei,
1169 1545 1230 1609 sed

176 1644 288 1709 dicam
309 1656 344 1708 ut
364 1646 484 1719 sentio,
504 1644 650 1731 judices.
700 1643 814 1709 Nimis
837 1645 941 1709 multa
963 1646 1080 1709 audire
1098 1666 1230 1732 cogun-

124 1767 154 1819 15
176 1758 241 1820 tur,
269 1766 381 1831 neque
406 1746 502 1810 aliter
525 1744 639 1808 lacere
664 1757 816 1830 possunt,
840 1745 871 1808 ei
895 1746 1017 1831 quibus
1041 1757 1109 1810 tota
1137 1767 1231 1811 com-

177 1847 281 1910 missa
294 1859 345 1910 est
358 1867 411 1910 res
424 1845 574 1931 publica.
621 1842 715 1928 Quin
734 1845 834 1908 etiam
852 1844 914 1909 suit
930 1846 1121 1911 audiendus
1139 1867 1231 1931 popa

176 1945 333 2010 Licinius
350 1947 465 2010 nescio
482 1945 539 2030 qui
556 1945 598 2010 de
616 1943 718 2009 Circo
743 1945 907 2020 maxim0,
931 1967 1047 2011 servos
1071 1945 1228 2020 Milonis,

178 2047 269 2130 apud
298 2067 334 2110 se
363 2046 474 2110 ebrios
502 2045 622 2111 factos.
648 2043 711 2108 sibi
740 2045 913 2110 confessos
938 2067 1013 2111 esse
1036 2046 1078 2111 de
1103 2045 1231 2110 interfi-

178 2147 300 2211 ciendo
317 2144 482 2230 Pompeio
499 2145 708 2233 conjurasse,
728 2145 805 2210 dein
823 2157 941 2230 postea
958 2168 995 2211 se
1011 2147 1129 2234 gladio
1154 2168 1230 2232 per·

122 2259 156 2296 20
177 2267 314 2310 cussum
344 2268 418 2310 esse
445 2246 488 2309 ab
513 2267 581 2308 uno
607 2246 650 2308 de
676 2245 754 2318 illis,
774 2265 816 2310 ne
843 2245 1015 2310 indicaret.
1063 2246 1231 2331 Pompeio

177 2346 211 2409 in
230 2347 343 2410 hortos
360 2343 546 2416 nuntiavit3
572 2365 727 2409 arcessor
746 2346 780 2408 in
805 2345 943 2431 primis;
973 2347 1016 2410 de
1041 2346 1230 2412 amicorum

177 2447 343 2510 sententia
376 2467 447 2510 rem
481 2445 588 2508 desert
616 2445 660 2509 ad
687 2456 856 2510 senatum.
905 2445 986 2510 Non
1013 2457 1167 2532 poteram
1195 2447 1230 2511 in

176 2547 267 2610 illius
302 2547 368 2610 mei
405 2545 602 2630 patriaeque
640 2545 788 2610 custodis
819 2557 912 2610 tanta
943 2547 1129 2631 suspitione
1162 2569 1231 2612 non

176 2660 268 2710 metu
285 2646 495 2718 exanimari3
519 2645 580 2709 sed
601 2645 749 2709 mirabar
765 2657 879 2710 tamen
897 2647 989 2712 credi
1006 2669 1130 2732 popae,
1150 2669 1231 2713 con-

123 2750 156 2804 25
177 2747 358 2810 sessionem
393 2767 568 2810 servorum
601 2745 724 2820 audiri,
755 2746 876 2810 volnus
916 2747 951 2810 in
991 2747 1107 2823 latere,
1138 2749 1230 2835 quod

177 2867 240 2910 acu
270 2858 432 2931 punctum
456 2845 640 2920 videretur,
665 2867 726 2930 pro
754 2845 822 2910 ictu
850 2845 1050 2934 gladiatoris
1077 2849 1228 2934 probari.

176 2965 223 3012 66
242 2947 386 3022 Verum,
401 2957 438 3010 ut
453 2945 628 3030 intellego,
644 2947 788 3011 cavebat
805 2947 916 3033 magis
930 2945 1113 3033 Pompeius
1126 2970 1230 3035 quam

176 3050 328 3122 timebat,
349 3069 416 3111 non
434 3067 474 3110 ea
492 3047 601 3110 solum
620 3067 708 3131 quae
725 3046 875 3112 timenda
893 3059 1002 3122 erant,
1021 3049 1083 3113 sed
1099 3049 1228 3121 omnia,

177 3172 220 3214 ne
242 3170 301 3212 vos
326 3147 454 3233 aliquid
479 3145 652 3209 timeretis.
703 3145 913 3234 Oppugnata
937 3149 1058 3212 domus
1083 3147 1123 3213 C.
1142 3147 1230 3212 Cae-

125 3250 159 3302 30
178 3249 277 3321 saris,
305 3246 484 3311 clarissimi
518 3256 550 3309 et
583 3245 753 3310 fortissimi
779 3247 854 3321 viri,
888 3268 950 3330 per
975 3248 1097 3312 multas
1123 3248 1229 3313 noctis
1327 3307 1328 3334 ,

179 3349 279 3413 boras
300 3347 529 3412 nuntiabatur.
580 3345 693 3411 Nemo
718 3347 872 3410 audierat
896 3359 963 3410 tam
989 3347 1114 3414 celebri
1140 3349 1227 3422 loco,
1327 3419 1328 3444 ζ

178 3470 279 3512 nemo
302 3459 474 3512 senserat:
500 3459 613 3510 tamen
632 3445 843 3510 audiebatur.
892 3445 973 3510 Non
993 3459 1143 3532 poteram
1160 3447 1225 3513 Cn.

178 3547 396 3632 Pompeium,
430 3546 720 3630 praestantissima
762 3546 882 3609 virtute
919 3547 1042 3620 virum,
1075 3547 1227 3610 timidum

180 3646 366 3728 suspicari:
388 3645 614 3730 diligentiam,
629 3657 697 3707 tota
710 3645 885 3727 republica
903 3657 1072 3730 suscepta,
1088 3645 1226 3710 nimiam

126 3746 159 3799 35
179 3744 308 3806 nullam
341 3743 515 3825 putabam.
581 3741 870 3826 Frequentissimo
901 3756 1019 3807 senatu
1052 3766 1162 3829 nuper
1195 3745 1227 3808 in

180 3838 350 3932 Capitolio
374 3851 509 3903 senator
532 3838 689 3902 inventus
712 3850 763 3902 est
786 3840 843 3924 qui
867 3839 1034 3906 Milonem
1060 3863 1139 3908 cum
1163 3845 1227 3910 telo
1327 3917 1328 3924 ἶ
