2668 4262
209 231 273 299 144
481 211 695 300 Cr'tr'aenslrr'p
719 212 766 300 of
779 211 943 277 Archias.
1144 208 1252 280 [Anca

208 411 279 498 Qui
311 415 524 479 sedulitatem
558 415 638 477 mali
671 420 791 500 poetae
823 414 958 478 duxerit
978 412 1105 500 aliquo
1144 426 1256 480 tamen
1323 495 1324 498 Ἴ

206 515 360 598 praemio
384 515 538 601 dignam,
559 514 659 601 liujus
683 514 861 600 ingenium
887 525 920 577 et
940 515 1095 578 virtutem
1118 515 1154 578 in
1180 516 1258 580 scri-

127 639 134 650 ·
206 615 319 678 bendo
350 626 383 678 et
415 615 548 698 copiam
581 636 649 678 non
684 613 890 700 expetisset?
947 629 995 678 ao.
1021 614 1142 698 Quid?
1167 638 1187 679 a
1215 615 1262 700 Q.

209 712 348 780 Metello
380 713 454 785 Pio,
485 714 749 778 familiarissimo
778 735 853 790 suo,
883 715 939 801 qui
970 716 1105 780 civitate
1138 718 1259 779 multos

177 858 182 899 Ι.
207 813 356 890 donavit,
376 837 486 900 neque
504 837 564 900 per
580 836 617 878 se
637 835 747 900 neque
769 835 831 900 per
855 814 1021 881 Lucullos
1044 817 1261 902 impetravis-

205 913 278 980 set?
314 915 371 1002 qui
403 915 603 1000 praesertim
632 936 739 1000 usque
771 937 813 980 eo
845 917 888 980 de
920 916 990 980 suis
1021 917 1125 982 rebus
1158 915 1261 980 scribi

205 1027 357 1099 cuperet,
380 1029 416 1079 ut
440 1015 542 1080 etiam
564 1013 750 1080 Cordubae
768 1016 856 1080 natis
874 1016 995 1100 politis,
1015 1017 1147 1104 pingue
1164 1017 1262 1102 quid·

205 1116 285 1180 dam
310 1116 509 1180 sonantibus
534 1126 635 1200 atque
660 1116 896 1202 peregrinum,
921 1129 1036 1182 tamen
1061 1118 1156 1180 auris
1180 1137 1263 1181 suas

205 1215 356 1280 dederet.
813 1225 815 1228 ’

161 1341 191 1376 ιο
249 1335 300 1380 x1.
328 1316 451 1403 Neque
475 1317 567 1382 enim
592 1327 642 1380 est
666 1317 731 1380 hoc
755 1315 1043 1382 dissimulandum
1066 1317 1183 1403 (quod
1204 1319 1264 1382 ob

206 1418 335 1482 scurari
360 1439 427 1482 non
453 1417 579 1502 potest)
608 1416 668 1481 sed
693 1437 776 1502 prae
805 1417 904 1481 nobis
932 1417 1136 1482 serendum:
1156 1418 1264 1482 trabi·

205 1540 283 1582 mur
303 1539 423 1582 omnes
446 1517 556 1582 studio
582 1517 707 1591 laudm,
723 1529 756 1581 et
772 1518 920 1602 optimus
937 1519 1082 1612 qpisque
1109 1519 1263 1582 maxime

205 1618 316 1704 gloria
333 1617 478 1682 ducitur.
515 1616 584 1701 Ipsi
602 1617 649 1680 illi
667 1617 877 1702 philosophi,
893 1619 996 1682 etiam
1013 1619 1048 1681 in
1065 1617 1116 1682 eis
1137 1619 1263 1683 libellis

205 1739 291 1804 quos
321 1719 365 1782 de
397 1716 649 1781 contemnenda·
673 1716 784 1804 gloria
811 1717 976 1793 scribunt,
1006 1739 1134 1784 nomen
1159 1740 1262 1783 suum

161 1839 190 1892 15
206 1817 415 1882 inscribunt:
439 1815 532 1880 ineo
550 1816 636 1902 ipso,
655 1817 690 1880 in
707 1838 774 1902 quo
791 1817 1082 1902 praedicationem
1102 1819 1264 1884 nobilita·

205 1929 341 2003 temque
366 1916 570 2001 despiciunt,
597 1915 788 2001 praedicari
804 1918 857 1982 *de
881 1939 918 1982 se
943 1935 985 1982 ac
1010 1919 1184 1982 nominari
1205 1941 1263 1984 vo-

205 2017 289 2081 lunt.
352 2033 399 2080 ar.
428 2015 593 2081 Decimus
621 2016 760 2103 quidem
794 2015 933 2093 Brutus
964 2039 1120 2082 summus
1149 2019 1205 2082 vir
1232 2029 1265 2083 et

205 2117 401 2202 imperator,
416 2115 517 2192 Acci,
533 2116 730 2180 amicissimi
747 2117 811 2192 sui,
827 2117 1036 2181 carminibus
1052 2118 1264 2202 templorum

206 2239 247 2282 ac
279 2228 574 2280 monumentorum
608 2217 719 2280 aditus
751 2217 931 2281 exornavit
964 2237 1117 2281 suorum.
1180 2217 1263 2303 Jam

159 2341 190 2376 20
205 2339 286 2382 vero
303 2317 373 2392 ille,
392 2317 545 2403 quicum
561 2314 694 2381 Aetolis
719 2315 832 2381 Ennio
856 2317 979 2381 comite
1004 2317 1158 2390 bellavit,
1179 2317 1265 2382 Ful-

205 2417 293 2492 vius,
308 2439 376 2482 non
394 2416 561 2481 dubitavit
573 2415 696 2480 Martis
714 2416 893 2480 manubias
911 2415 1024 2480 Musis
1040 2437 1261 2482 consecrare.

206 2515 286 2602 Qua
309 2539 345 2581 re
367 2516 489 2603 inqua
512 2517 595 2579 urbe
617 2517 840 2600 imperatores
866 2537 971 2601 prope
997 2515 1117 2580 armati
1143 2522 1264 2600 poeta·

205 2639 280 2682 rum
304 2637 430 2681 nomen
455 2627 487 2679 et
510 2615 689 2678 Musarum
707 2616 850 2679 delubra
868 2617 1059 2689 coluerunt,
1078 2616 1112 2679 in
1130 2637 1174 2680 ea
1192 2639 1263 2683 non

200 2703 330 2782 debent
345 2715 450 2803 togati
464 2715 598 2803 judices
615 2735 636 2778 a
649 2713 831 2778 Musarum
848 2715 977 2778 honore
993 2727 1027 2779 et
1043 2735 1062 2778 a
1079 2721 1262 2800 poetarum

158 2840 188 2891 25
205 2817 313 2882 salute
338 2816 533 2880 abhorrere.

247 2933 294 2980 aa.
317 2915 433 3002 Atque
446 2926 483 2979 ut
499 2902 533 2979 id
549 2915 708 2978 libentius
725 2914 869 2989 faciatis,
885 2913 956 3002 jam
976 2935 1030 2980 me
1042 2916 1152 2992 vobis,
1167 2918 1264 3005 judi·

205 3037 274 3090 ces,
294 3016 466 3090 indicabo,
485 3026 518 3078 et
534 3015 576 3079 de
594 3035 671 3078 meo
687 3014 836 3100 quodam
857 3035 973 3079 amore
991 3016 1135 3102 gloriae,
1155 3019 1262 3084 nimis

204 3117 275 3181 acri
299 3116 442 3181 sortasse
465 3135 583 3178 verum
608 3126 724 3178 tamen
749 3115 892 3180 honesto
916 3115 1024 3189 vobis
1055 3117 1258 3184 confitebor.

206 3217 296 3284 Nam
322 3238 407 3303 quas
429 3237 483 3278 res
501 3237 562 3278 nos
579 3214 614 3277 in
631 3215 811 3278 consulatu
828 3227 942 3278 nostro
958 3215 1136 3280 vobiscum
1154 3217 1257 3283 simul
1323 3217 1324 3256 l

155 3340 187 3390 30
205 3339 266 3402 pro
291 3317 400 3381 salute
426 3315 568 3402 hujusce
593 3313 715 3398 imperi
739 3325 773 3378 et
796 3336 857 3399 pro
880 3314 948 3378 vita
973 3314 1099 3380 civium
1125 3339 1258 3404 proque
1323 3391 1324 3404 χ

203 3418 363 3482 universa
401 3437 437 3479 re
474 3415 611 3499 publica
647 3415 831 3500 gessimus,
867 3415 976 3502 attigit
1011 3416 1067 3480 hic
1101 3419 1256 3482 versibus
1323 3447 1324 3492 ὴ

204 3531 305 3604 atque
333 3516 526 3581 inchoavit:
562 3515 685 3600 quibus
718 3515 855 3589 auditis,
885 3515 977 3601 quod
1012 3515 1094 3581 mihi
1126 3539 1255 3606 magna

203 3642 258 3683 res
284 3630 316 3682 et
340 3617 494 3705 jucunda
511 3615 584 3678 visa
609 3626 672 3688 est,
697 3616 788 3679 bunc
814 3617 858 3680 ad
883 3617 1129 3701 perficiendum
1156 3621 1254 3685 ador·

203 3718 295 3782 navi.
346 3716 488 3780 Nullam
512 3715 603 3777 enim
620 3715 725 3777 virtus
750 3715 852 3778 aliam
879 3718 1074 3782 mercedem
1098 3719 1253 3785 laborum

158 3833 188 3883 35
206 3817 501 3903 periculorumque
526 3814 708 3886 desiderat,
731 3826 867 3897 praeter
890 3816 981 3880 hanc
1004 3818 1115 3884 laudis
1131 3832 1165 3885 et
1181 3823 1253 3908 glo·
1323 3857 1324 3888 r

204 3918 296 3980 riae:
325 3936 392 4001 qua
415 3914 551 3998 quidem
573 3912 737 3986 detracta,
755 3913 902 3998 judices
924 3916 1004 3999 quid
1027 3930 1077 3982 est
1101 3923 1194 4000 quod
1220 3922 1253 3987 in
