2716 4266
192 177 255 244 ²3²
526 157 614 224 Pleu
626 157 698 245 sor
721 157 906 244 Lr‘garius.
1127 153 1244 224 [me

190 371 277 436 sent,
295 371 383 425 tuos.
432 357 587 424 Videsne
604 359 707 446 igitur
724 358 816 423 hunc
833 358 1051 444 splendorem
1076 358 1243 432 omnium,

191 465 281 526 lianc
298 460 533 525 Brocchorum
552 459 706 532 domum,
722 460 814 523 hunc
832 458 875 522 L.
895 457 1082 533 Marcium,
1098 458 1145 524 C.
1163 457 1247 522 Cae·

189 563 323 635 setium,
340 557 382 624 L.
400 558 603 634 Corfidium,
620 561 682 623 hos
699 559 810 624 omnis
828 559 958 644 equites
977 559 1175 631 Romanos
1194 558 1247 643 qui

190 663 313 726 adsunt
330 673 422 726 veste
441 671 580 733 mutata,
597 681 665 723 non
683 660 792 723 solum
809 672 904 723 notos
921 660 993 733 tibi,
1009 681 1132 723 verum
1148 657 1246 722 etiam

136 795 150 851 5
190 763 348 848 probatos
380 762 483 837 viros,
510 763 568 848 qui
601 772 713 825 tecum
739 759 897 823 fuerunt?
943 758 1058 845 Atque
1083 759 1141 823 his
1168 759 1248 822 iras·

190 865 365 935 cebamur,
386 861 449 926 hos
466 861 738 948 requirebamus,
759 859 811 924 his
828 881 895 924 non
914 860 997 924 nolli
1015 860 1120 924 etiam
1141 859 1249 922 mina·

188 964 322 1028 bamur.
356 960 534 1026 Conserva
552 962 656 1048 igitur
673 961 738 1025 tuis
755 982 849 1034 suos,
864 971 911 1034 ut,
925 981 1025 1046 quem
1046 960 1249 1024 admodum

189 1077 301 1128 cetera
326 1082 416 1147 quae
440 1063 531 1128 dicta
555 1074 634 1127 sunt
652 1082 671 1125 a
688 1072 733 1137 te,
753 1060 803 1126 sic
823 1059 889 1126 hoc
905 1059 1124 1125 verissimum
1152 1081 1249 1146 repe·

189 1164 303 1226 riatur.

137 1305 169 1344 10
234 1282 298 1327 ΧΗ.
324 1278 370 1326 ar.
396 1261 500 1348 Quod
523 1261 551 1328 si
580 1261 714 1348 penitus
740 1260 934 1347 perspicere
960 1281 1078 1346 posses
1102 1281 1249 1326 concor-

187 1364 280 1428 diam
295 1364 527 1454 Ligariorum,
542 1363 654 1428 omnis
667 1363 787 1428 fratres
804 1374 917 1426 tecum
931 1360 1106 1448 judicares
1125 1361 1247 1426 fuisse.

188 1463 245 1528 An
264 1477 371 1550 potest
399 1464 579 1551 quisquam
607 1463 761 1527 dubitare
788 1462 885 1548 quin,
904 1461 931 1526 si
950 1458 1004 1548 Q
1019 1460 1190 1548 Ligarius
1215 1461 1248 1524 in

188 1564 286 1630 Italia
304 1587 378 1630 esse
395 1565 572 1651 potuisset,
587 1563 620 1627 in
638 1563 760 1627 eudem
779 1562 945 1628 sententia
970 1561 1071 1626 suerit
1095 1561 1246 1638 futurus,

188 1664 307 1751 inqua
326 1667 445 1730 fratres
470 1662 628 1727 suerunt?
676 1662 766 1745 Quis
791 1660 922 1749 estqui
949 1661 1071 1726 horum
1097 1683 1247 1728 consen·

138 1795 168 1849 ις
188 1786 263 1828 sum
278 1765 529 1850 conspirantem
548 1775 580 1827 et
596 1784 706 1848 paene
725 1762 907 1827 conflatum
926 1760 1044 1826 inlrac
1062 1783 1173 1846 prope
1192 1783 1247 1826 ae·

188 1866 349 1949 qualitate
366 1865 515 1928 fraterna
537 1862 641 1950 [non]
663 1861 816 1927 noverit?
848 1862 905 1948 qui
924 1863 989 1926 hoc
1008 1884 1078 1926 non
1104 1864 1243 1936 sentiat,

188 1965 322 2050 quidvis
347 1965 440 2050 prius
460 1965 608 2027 futurum
627 1963 744 2037 fuisse,
763 1984 866 2049 quam
885 1973 921 2026 ut
938 1962 973 2026 hi
991 1962 1113 2028 fratres
1132 1965 1246 2029 div'er-

188 2086 244 2128 sas
276 2065 461 2128 sententias
493 2063 714 2148 fortunasque
749 2060 993 2149 sequerentur?
1053 2061 1244 2129 Voluntate

188 2164 292 2250 igitur
314 2187 434 2228 omnes
458 2176 570 2228 tecum
597 2163 753 2226 suerunt:
777 2174 978 2248 tempestate
1003 2164 1168 2249 abreptus
1195 2176 1245 2230 est

135 2289 170 2327 κο
188 2286 289 2338 unus,
308 2265 364 2351 qui
388 2265 415 2328 si
444 2263 586 2328 consilio
613 2263 646 2326 id
675 2263 823 2336 fecisset,
842 2275 931 2328 esset
959 2285 1076 2328 eorum
1102 2265 1242 2338 similis,

187 2387 272 2450 quos
296 2377 331 2429 tu
355 2376 469 2429 tamen
494 2364 607 2428 salvos
624 2385 699 2428 esse
724 2363 870 2429 voluisti.
919 2379 964 2428 aa.
989 2363 1060 2429 Sed
1076 2365 1170 2430 ·ierit
1200 2367 1244 2431 ad

186 2465 328 2538 bellurn,
347 2464 544 2529 dissenserit
561 2485 629 2528 non
647 2484 667 2527 a
685 2477 716 2528 te
734 2465 857 2538 solum,
877 2486 995 2530 verum
1014 2466 1116 2530 etiam
1135 2487 1155 2530 a
1175 2467 1243 2531 sra-

187 2566 314 2630 tribus:
347 2565 381 2628 hi
399 2579 430 2629 te
455 2575 553 2629 orant
576 2564 634 2628 tui.
683 2563 867 2651 Equidem,
886 2585 964 2630 cum
988 2565 1055 2630 tuis
1078 2568 1243 2633 omnibus

187 2666 332 2752 negotiis
354 2665 564 2736 interessem,
585 2665 748 2728 memoria
765 2676 866 2729 teneo
883 2667 994 2751 qualis
1009 2666 1054 2730 Τ.
1074 2666 1241 2755 Ligarius

135 2781 168 2834 25
187 2779 345 2851 quaestor
373 2766 523 2829 urbanus
552 2765 651 2828 suerit
675 2787 759 2853 erga
784 2779 815 2830 te
840 2778 873 2830 et
898 2766 1099 2854 dignitatem
1128 2781 1239 2832 tuam.
1329 2765 1330 2810 l

187 2865 257 2930 Sed
276 2887 394 2950 parum
414 2878 463 2929 est
481 2887 534 2928 me
552 2866 616 2929 hoc
633 2865 851 2930 meminisse:
878 2889 977 2951 spero
990 2867 1091 2932 etiam
1108 2879 1140 2932 te
1161 2868 1239 2955 (qui

186 2965 339 3029 oblivisci
372 2965 455 3028 nihil
488 2965 577 3030 soles
609 2965 673 3029 nisi
707 2966 861 3054 injuriaS,
895 2969 1057 3054 quoniam
1091 2968 1156 3032 hoc
1190 2983 1241 3032 est

187 3065 304 3138 animi,
323 3065 484 3150 quoniam
510 3065 613 3128 etiam
641 3065 758 3152 ingeni
785 3067 850 3152 tui)
871 3078 903 3131 te
920 3067 1047 3154 aliquid
1067 3068 1110 3133 de
1136 3069 1238 3155 hujus

186 3165 244 3229 illo
263 3165 454 3250 quaestorio
471 3163 596 3239 offiei0,
615 3165 717 3230 etiam
735 3167 777 3232 de
796 3167 870 3231 aliis
886 3167 1089 3252 quibusdam
1114 3188 1238 3253 quaes·

135 3277 170 3331 30
186 3265 313 3328 toribus
344 3264 632 3340 reminiscentem,
655 3266 839 3332 recordari.
888 3283 935 3330 ao.
960 3267 1028 3331 Hic
1055 3266 1159 3354 igitur
1189 3267 1233 3330 T.
1329 3329 1330 3342 ,

186 3363 361 3450 Ligarius,
380 3364 524 3449 quitum
544 3366 628 3430 nihil
652 3366 724 3454 egit
740 3366 887 3431 aliud-
900 3387 1010 3453 neque
1034 3367 1125 3430 enim
1149 3367 1236 3432 haec

186 3463 414 3528 divinabat-
428 3465 490 3530 nisi
509 3477 544 3528 ut
560 3466 608 3530 tui
625 3487 702 3529 eum
724 3466 909 3530 studiosum
928 3478 960 3530 et
981 3467 1108 3530 bonum
1124 3465 1234 3530 virum
1329 3469 1330 3498 ³

182 3563 368 3650 judicares,
399 3586 491 3629 nunc
524 3585 543 3628 a
572 3577 604 3629 te
636 3566 781 3650 supplex
814 3564 925 3630 sratris
957 3566 1099 3630 salutem
1132 3566 1233 3650 petit:

185 3681 288 3745 quam
316 3663 416 3749 hujus
444 3663 637 3726 admonitus
657 3663 768 3727 officio
785 3684 862 3727 cum
883 3664 1033 3750 utrisque
1054 3663 1105 3728 his
1132 3665 1235 3730 dede·

134 3765 168 3818 ³⁵
186 3759 244 3832 ris,
263 3761 321 3822 tris
339 3762 458 3824 fratres
475 3761 619 3843 optimos
640 3773 672 3824 et
688 3762 925 3846 integerrimos
942 3783 1010 3827 non
1035 3763 1145 3827 solum
1171 3763 1233 3829 sibi

186 3858 292 3941 ipsos,
314 3879 423 3943 neque
448 3858 501 3921 his
525 3869 571 3922 tot
594 3859 717 3923 talibus
742 3859 833 3933 viris,
857 3882 968 3946 neque
993 3862 1091 3926 nobis
1115 3883 1234 3928 neces·
1329 3869 1330 3872 ’

187 3957 284 4019 soriis
301 3956 379 4029 tuis,
398 3956 575 4018 sedetiam
594 3957 641 4019 rei
659 3958 816 4039 publicae
835 3961 1095 4026 condonaveris.
