2668 4262
71 153 132 198 nu.
147 144 201 216 21·]
295 146 393 212 Plots
416 148 491 214 and
517 145 650 214 Crr‘rues
674 149 723 236 (ff
741 147 894 214 Clodius.
1054 165 1115 235 177

68 347 158 410 enim
185 348 308 416 nobilis
334 348 377 432 in
398 348 467 414 suis
492 348 721 414 monumentis
748 350 894 436 equitem
919 350 1117 416 Romanum

67 449 256 514 occiderat:
288 470 380 514 nunc
406 450 558 536 ejusdem
576 448 713 534 Appiae
733 473 858 516 nornen
882 465 1027 537 quantas
1052 465 1118 516 tra·

67 550 208 636 goedias
224 549 370 616 excitat!
420 549 521 635 Quae
539 563 714 615 cruentata
737 563 836 616 antea
859 555 965 618 caede
986 553 1118 617 honesti

67 661 166 734 atque
198 649 389 724 innocentis
420 651 483 714 viri
516 651 692 726 silebatur,
720 653 842 716 eadem
874 673 966 717 nunc
999 654 1119 717 crebro

66 761 260 834 usurpatur,
276 763 394 835 postea
410 772 516 837 quam
532 751 673 818 latronis
690 763 724 815 et
740 751 931 836 parricidae
948 752 1118 840 sanguine
1138 780 1153 838 ς

66 849 195 914 imbuta
219 863 281 916 est.
339 850 516 937 Sedxquid
541 873 608 938 ego
632 851 690 916 illa
715 852 968 917 commemoro?
1015 852 1120 918 Corn·

66 951 256 1033 prehensus
273 961 323 1014 est
339 949 373 1014 in
388 952 514 1036 templo
528 950 681 1016 Castoris
698 973 816 1016 servus
834 952 873 1017 P.
888 951 1002 1028 Clodi,
1017 974 1118 1040 quem

66 1050 122 1114 ille
147 1051 193 1114 ad
217 1049 284 1115 Cn.
304 1048 507 1134 Pompeium
531 1051 805 1117 interficiendum
832 1054 1036 1118 collocaratr
1060 1074 1121 1117 ex·

62 1162 151 1226 torta
184 1163 234 1216 est
261 1150 292 1215 ei
321 1151 493 1216 confitenti
523 1152 594 1216 sica
622 1151 665 1218 de
693 1153 873 1217 manibus:
913 1153 1022 1218 caruit
1048 1152 1121 1217 soro

65 1263 186 1336 postea
202 1249 400 1336 Pompeius,
420 1251 529 1328 caruit
545 1264 678 1334 senatu,
698 1252 810 1318 caruit
831 1252 992 1338 publico:
1013 1252 1120 1340 janua
1141 1292 1173 1334 10

67 1374 103 1417 se
144 1371 186 1430 ac
226 1339 425 1435 parietibus,
453 1374 535 1434 non
573 1352 651 1441 jure
691 1354 808 1439 legum
844 1353 1121 1442 judiciorumque

67 1451 163 1516 texit.
214 1469 256 1515 19.
281 1448 376 1518 Num
407 1473 497 1539 quae
529 1454 661 1540 rogatio
692 1453 774 1529 lata,
802 1475 883 1518 num
912 1475 1000 1540 quae
1032 1473 1122 1517 nova

67 1552 223 1638 quaestio
241 1552 376 1618 decreta
393 1552 465 1618 est?
511 1551 617 1639 Atqui
640 1553 668 1618 si
697 1575 764 1627 res,
791 1553 818 1617 si
844 1555 907 1630 vir,
932 1554 959 1618 si
988 1564 1123 1639 tempus

68 1654 178 1718 ullum
205 1653 349 1740 dignum
376 1653 450 1726 suit,
471 1666 571 1726 certe,
594 1654 682 1719 haec
715 1653 749 1717 in
774 1651 833 1717 illa
858 1673 962 1718 causa
988 1675 1123 1718 summa

68 1751 187 1818 omnia
218 1754 367 1819 fuerunt.
422 1753 604 1820 Insidiator
635 1765 707 1818 erat
739 1753 773 1819 in
805 1754 878 1818 foro
910 1754 1120 1828 conlocatus,
1143 1785 1172 1839 ¹3

70 1867 172 1942 utque
196 1855 231 1919 in
257 1855 423 1936 vestibulo
446 1856 521 1942 ipso
546 1866 704 1930 senatus3
736 1855 768 1923 ei
792 1855 865 1919 viro
889 1868 1001 1934 nutem
1031 1877 1123 1920 mors

68 1955 269 2040 parabatur,
296 1954 393 2042 cujus
418 1954 453 2020 in
478 1954 547 2018 vita
572 1955 741 2020 nitebatur
765 1956 858 2019 salus
882 1954 1045 2028 civitatis3
1082 1976 1123 2020 eo

68 2077 172 2141 porro
190 2055 237 2146 rei
255 2042 413 2140 publicae
429 2065 596 2138 tempore,
610 2077 690 2141 quo,
705 2053 733 2119 si
750 2077 838 2119 unus
855 2055 912 2118 ille
929 2053 1121 2128 occidisset,

69 2178 138 2221 non
153 2157 368 2226 haec-solum
382 2154 515 2232 civitas,
529 2155 590 2220 sed
607 2166 727 2242 gentes
744 2176 863 2220 omnes
880 2154 1121 2230 concidissent.

68 2255 148 2321 Nisi
167 2277 248 2346 vero
264 2256 345 2343 quia
362 2255 512 2342 perfecta
528 2277 583 2323 res
595 2277 663 2320 non
677 2265 740 2330 est,
755 2276 823 2320 non
836 2254 897 2318 suit
910 2255 1101 2340 poenienda
1114 2277 1123 2318 r
1141 2277 1175 2316 20

69 2357 215 2442 proinde
241 2352 345 2446 'quasi
377 2355 489 2420 exitus
521 2375 648 2430 rerum,
678 2376 747 2418 non
780 2355 956 2420 hominurn
979 2354 1124 2442 ¹consiliu

68 2457 207 2546 legibus
224 2457 452 2534 vindicentun
495 2453 614 2520 Minus
631 2454 815 2519 dolendum
833 2455 894 2520 suit
911 2476 947 2519 re
965 2476 1031 2518 non
1049 2477 1125 2539 per·

68 2557 173 2632 secta,
195 2558 255 2622 sed
280 2556 511 2642 poeniendum
535 2565 627 2619 certe
651 2554 758 2619 nihilo
782 2554 907 2619 minus.
955 2570 1004 2618 20.
1030 2553 1124 2638 Quo·

68 2657 159 2723 tiens
175 2679 242 2744 ego
259 2657 345 2742 ipse,
359 2656 508 2745 judices,
527 2675 570 2718 ex
587 2654 627 2718 P.
647 2653 748 2720 Clodi
765 2653 841 2718 telis
858 2666 890 2719 et
911 2675 955 2720 ex
977 2654 1125 2720 cruentis

69 2758 145 2846 ejus
170 2757 328 2841 manibus
353 2755 482 2844 effugi!
500 2777 545 2820 ex
561 2754 684 2843 quibus
702 2754 801 2839 sime
819 2776 886 2820 non
904 2756 958 2820 vel
977 2776 1052 2819 mea
1069 2755 1124 2820 vel
1142 2771 1175 2826 25
1239 2843 1240 2850 ἵ

69 2859 118 2923 rei
135 2858 296 2944 publicae
312 2858 447 2922 fortuna
464 2867 647 2930 servasset,
660 2854 736 2943 quis
759 2854 899 2920 tandem
924 2857 966 2919 de
990 2854 1126 2919 interitu

69 2980 151 3024 meo
165 2957 401 3046 quaestionem
418 2954 603 3040 tulissetib

114 3078 193 3142 vm.
219 3056 291 3124 Sed
311 3057 401 3125 stulti
422 3078 540 3126 sumus
564 3054 621 3143 qui
640 3053 805 3128 Drusum,
823 3053 881 3141 qui
905 3052 1123 3131 Africanum,

69 3157 288 3246 Pompeium,
301 3165 434 3224 nosmet
449 3155 542 3242 ipsos
559 3177 637 3221 cum
655 3154 695 3222 P.
709 3154 832 3221 Clodio
849 3153 1003 3221 conferre
1021 3156 1126 3220 aude·

70 3278 183 3325 arnus.
245 3255 457 3346 Tolerabilior
489 3256 626 3338 suerunt
655 3255 749 3321 illaz'
777 3254 817 3319 P.
848 3254 950 3320 Clodi
981 3268 1124 3320 mortem
1144 3268 1180 3324 30

70 3377 182 3444 aequo
199 3355 313 3434 animo
329 3355 417 3422 ferre
439 3376 540 3420 nemo
561 3366 681 3441 potest.
730 3353 846 3442 Luget
869 3365 1019 3434 senatus,
1033 3375 1125 3418 mae·

71 3469 122 3521 ret
145 3466 302 3542 equester
320 3455 421 3536 ordo,
439 3465 507 3520 tota
524 3455 642 3520 civitas
659 3455 814 3523 confecta
830 3454 926 3520 senio
943 3465 1005 3530 est,
1024 3476 1125 3540 squa-

71 3556 142 3622 lent
158 3554 358 3639 municipia,
377 3553 592 3620 adflictantur
607 3554 776 3628 coloniae,
796 3554 870 3642 agri
888 3554 1034 3641 denique
1059 3553 1123 3638 ipsi

72 3647 363 3736 tambenefi'eum,
381 3665 450 3718 tarn
468 3655 666 3728 salutarem,
684 3666 752 3718 tarn
775 3667 990 3719 mansuetum
1013 3654 1123 3719 civem

73 3755 278 3830 desiderant.
326 3765 368 3812 21.
392 3753 472 3827 Non
497 3754 559 3819 suit
582 3775 623 3818 ea
647 3774 765 3828 causa,
786 3754 933 3842 judiceS,
958 3753 1121 3838 prosect0‚
1145 3767 1178 3823 ³5

73 3875 141 3932 non
155 3853 231 3934 luit,
245 3875 307 3928 cur
322 3854 386 3922 sibi
403 3865 556 3920 censeret
568 3852 752 3940 Pompeius
766 3853 1000 3940 quaestionem
1013 3853 1125 3918 seren·

585 3976 613 4011 12
