2714 4266
204 166 244 246 76
425 170 604 258 Pompey's
627 170 794 256 Military
824 170 1024 236 Comrnand.
1112 153 1256 239 ’[ΜΑΝΗ.

200 383 365 458 tempore,
387 382 500 436 tamen
524 372 567 436 ad
590 383 720 436 tantum
745 373 874 438 bellum
900 372 928 438 is
952 383 1025 438 erat
1049 371 1258 459 deligendus
1329 451 1330 470 ἶ

201 487 300 560 atque
319 473 523 536 mittendus:
548 493 639 538 nunc
656 493 734 537 eum
753 474 796 537 ad
813 486 944 538 ceteras
961 494 1114 538 summas
1131 473 1258 536 utilita-

199 583 248 636 tes
267 575 353 636 haec
369 593 504 659 quoque
517 573 752 656 opportunitas
769 573 988 660 adjungatur,
1003 585 1040 638 ut
1056 574 1090 636 in
1104 574 1154 636 eis
1170 572 1256 657 ipsis

199 673 282 738 locis
308 673 407 747 adsit,
430 686 466 736 ut
490 672 616 735 habeat
639 671 840 752 exercitum,
862 685 898 737 ut
922 674 965 738 ab
986 673 1034 736 eis
1050 674 1108 759 qui
1127 672 1258 738 habent

171 802 184 854 ς
201 773 356 857 accipere
373 773 484 838 statim
502 772 618 856 possit,
638 771 719 857 quid
737 771 1000 856 exspectamus?
1032 783 1167 837 auteur
1184 794 1256 838 non
1330 795 1331 810 ³

199 873 344 938 ducibus
360 873 412 937 dis
430 871 677 936 immortalibus
690 870 816 944 eidem,
832 872 887 936 cui
904 885 1017 938 cetera
1027 891 1162 938 summa
1173 893 1255 937 curn

199 974 308 1038 salute
326 973 372 1037 rei
391 971 548 1058 publicae
566 970 750 1036 commissa
767 982 857 1048 sun-t,
877 973 942 1038 hoc
964 995 1099 1059 quoque
1123 973 1254 1038 bellurn

200 1073 335 1160 regium
352 1069 625 1138 committamus?

243 1191 284 1238 51.
308 1173 355 1238 At
379 1173 469 1238 enim
491 1173 543 1236 vir
559 1170 783 1246 clarissimus,
802 1172 1058 1238 amantissimus
1075 1173 1124 1238 rei
1142 1173 1256 1258 publi-

154 1303 184 1338 ιο
200 1296 275 1351 cae,
289 1275 410 1338 vestris
421 1273 597 1338 beneficiis
612 1271 831 1356 amplissimis
845 1270 1012 1348 adfectus,
1028 1271 1252 1358 QCatulus,

199 1373 349 1461 itemque
366 1374 508 1438 summis
524 1372 733 1438 ornamentis
751 1373 902 1446 honoris,
921 1373 1088 1448 fortunae,
1105 1374 1252 1449 virtutis,

200 1475 318 1562 ingeni
345 1475 531 1560 praeditus,
557 1470 611 1557 (Q
631 1472 848 1548 Hortensius,
871 1474 914 1538 ab
939 1474 1004 1538 hac
1028 1475 1159 1540 ratione
1183 1475 1256 1540 dis-

200 1576 359 1640 sentiunt.
409 1572 566 1658 Quorum
590 1594 657 1659 ego
680 1573 912 1638 auctoritatem
939 1575 1029 1658 apud
1052 1576 1254 1642 vos'multis

200 1675 284 1740 locis
309 1675 492 1761 plurimum
517 1674 665 1737 valuisse
691 1685 725 1737 et
746 1674 861 1737 valere
885 1687 1040 1758 oportere
1065 1675 1252 1750 confiteor3

153 1801 183 1852 ις
200 1776 261 1840 sed
278 1777 312 1839 in
329 1777 396 1839 hac
413 1795 529 1848 causa,
549 1773 682 1838 tametsi
699 1773 906 1859 cognoscitis
930 1775 1145 1840 auctoritates
1170 1797 1254 1839 con-

199 1876 320 1940 trarias
341 1876 491 1938 virorum
508 1873 768 1938 fortissimorum
786 1886 818 1938 et
835 1875 1116 1950 clarissimorum,
1135 1889 1251 1940 tamen

198 1975 334 2042 omissis
352 1973 606 2038 auctoritatibus
623 1973 698 2058 ipsa
715 1994 750 2037 re
768 1994 808 2038 ac
825 1973 955 2040 ratione
972 1975 1151 2061 exquirere
1171 1997 1252 2060 pos-

199 2099 317 2142 sumus
344 2074 534 2148 veritatem,
561 2086 662 2160 atque
689 2075 753 2138 hoc
778 2073 925 2150 facilius,
953 2077 1043 2162 quod
1067 2097 1108 2140 ea
1132 2076 1250 2140 omnia

198 2199 287 2265 quae
312 2199 332 2242 a
357 2197 410 2240 me
431 2176 544 2239 adhuc
561 2175 650 2239 dicta
668 2187 759 2248 sunt,
778 2175 889 2238 eidem
908 2175 959 2240 isti
977 2197 1059 2240 vera
1076 2198 1151 2242 esse
1168 2197 1252 2242 con-

151 2302 183 2336 ιο
199 2279 336 2352 cedunt,
348 2287 437 2341 —et
449 2276 679 2340 necessarium
695 2275 822 2338 bellurn
836 2295 911 2340 esse
924 2286 958 2340 et
971 2296 1149 2362 magnum,
1164 2290 1198 2341 et
1213 2277 1252 2342 in

198 2400 267 2442 uno
287 2376 354 2442 Cn.
373 2375 539 2460 Pompeio
560 2396 694 2440 summa
719 2395 794 2439 esse
819 2375 946 2438 omnia.
994 2392 1041 2451 aa.
1064 2376 1161 2464 Quid
1183 2377 1252 2465 igi-

197 2490 251 2542 tur
267 2478 313 2542 ait
331 2474 556 2542 Hortensius?
603 2474 641 2540 si
659 2474 716 2538 uni
741 2474 856 2540 omnia
881 2475 1060 2540 tribuenda
1084 2477 1150 2542 sint
1172 2479 1250 2565 dig-

198 2578 377 2644 nissimum
395 2597 471 2642 esse
487 2575 704 2660 Pompeium,
723 2575 784 2640 sed
801 2575 845 2640 ad
863 2598 968 2640 unum
993 2589 1109 2642 tamen
1132 2579 1250 2645 omnia

198 2677 322 2742 deferri
351 2699 418 2741 non
448 2689 616 2761 oportere.
667 2675 844 2741 Obsolevit
865 2675 938 2763 jam
968 2675 1030 2742 ista
1061 2677 1181 2754 orati0‚
1212 2701 1250 2746 re

152 2802 184 2853 25
199 2781 303 2844 multo
321 2777 433 2864 magis
450 2799 552 2863 quam
571 2777 683 2841 verbis
700 2776 856 2840 refutata.
906 2776 1000 2842 Nam
1017 2791 1052 2844 tu
1073 2780 1178 2854 idem,
1198 2779 1255 2864 Q

199 2880 374 2952 Hortensi,
393 2879 497 2942 multa
516 2899 576 2961 pro
593 2889 651 2940 tua
668 2897 802 2940 summa
823 2876 921 2964 copia
942 2899 983 2943 ac
1007 2879 1174 2966 singulari
1199 2880 1250 2944 sa-

197 2981 320 3045 cultate
345 2978 479 3044 dicendi
505 2992 538 3042 et
562 2976 596 3040 in
622 2988 741 3040 senatu
766 2989 883 3041 contra
907 2979 1018 3042 virum
1042 2980 1176 3056 fortem,
1202 2979 1246 3043 A.

197 3080 397 3148 Gabinium.
420 3078 570 3165 graviter
594 3088 780 3163 ornateque
805 3078 933 3152 dixisti,
955 3100 1034 3143 cum
1059 3079 1087 3144 is
1112 3081 1154 3146 de
1179 3102 1248 3146 uno

103 3185 107 3192 '
195 3181 399 3266 imperatore
424 3190 540 3244 contra
565 3180 757 3262 praedones
779 3180 1016 3245 constituendo
1035 3182 1150 3269 legem
1170 3204 1230 3268 pro

151 3283 396 3368 somulgasset,
421 3291 453 3344 et
476 3302 520 3344 ex
544 3280 609 3344 hoc
634 3278 708 3363 ipso
733 3279 808 3344 loco
833 3281 1001 3364 permulta
1024 3281 1105 3346 item
1129 3293 1245 3346 contra

196 3405 272 3448 eam
298 3384 409 3468 legem
436 3380 540 3444 verba
569 3377 689 3444 fecisti.
737 3394 782 3442 53.
807 3378 924 3466 Qid?
961 3392 1046 3456 tum,
1072 3403 1133 3467 per
1164 3383 1247 3450 deos

196 3480 415 3546 immortalis!
445 3480 473 3544 si
499 3481 576 3564 plus
594 3481 685 3563 apud
703 3482 867 3565 populum
885 3481 1084 3546 Romanurn
1102 3482 1248 3550 auctori-

195 3595 246 3646 tas
263 3595 319 3646 tua
337 3603 439 3668 quam
458 3579 564 3665 ipsius
581 3581 697 3664 populi
716 3580 867 3644 Romani
885 3583 977 3644 salus
995 3592 1028 3645 et
1043 3603 1124 3646 vera
1140 3603 1246 3648 causa

195 3683 370 3755 valuisset,
395 3682 495 3744 hodie
521 3681 610 3742 hanc
635 3680 779 3764 gloriam
806 3691 907 3765 atque
932 3681 997 3745 hoc
1021 3682 1111 3746 orbis
1135 3694 1245 3748 terrae

152 3801 182 3851 35
196 3782 375 3864 imperium
393 3776 608 3844 teneremus?
654 3775 712 3840 An
729 3778 787 3842 tibi
804 3791 875 3842 tum
893 3779 1073 3863 imperium
1091 3782 1157 3846 hoc
1169 3802 1244 3846 esse

195 3881 387 3954 videbatur,
405 3899 484 3944 cum
501 3877 619 3960 populi
636 3877 787 3942 Romani
804 3877 908 3963 legati
925 3892 1123 3964 quaestores
1147 3901 1244 3966 prae·
