2668 4262
92 223 130 263 vr.
148 211 202 283 ra]
299 212 391 301 They
413 214 502 279 have
517 216 696 300 fhrfhrted
723 183 948 302 Cillaenslzl'p.
1084 229 1145 298 127

90 427 206 478 autem
231 415 280 479 rei
307 416 466 501 publicae
493 416 534 480 sit
559 417 677 488 bostis,
697 439 775 480 eum
802 417 911 480 civem
930 418 1024 482 nullo
1046 417 1146 482 modo

89 538 165 580 esse
193 539 317 600 posse3
344 518 492 602 denique
509 518 621 602 ipsum
647 520 787 582 latorem
814 518 1039 602 Semproniae
1057 519 1145 605 legis

85 615 183 701 jussu
211 619 330 702 populi
358 639 487 702 poenas
511 619 559 682 rei
586 619 743 702 publicae
768 619 1022 703 dependissess'
1048 619 1145 683 Idem
1217 646 1222 658 ⁴

86 715 203 799 ipsum
229 717 431 792 Lentulum,
451 719 648 803 largitorem
671 733 704 783 et
720 720 916 806 prodigum,
943 741 1010 783 non
1037 731 1143 803 putat,
1228 763 1230 770 ·

86 836 166 880 cum
194 819 240 882 de
270 819 421 902 pernicie
447 820 564 904 populi
598 819 761 892 Romani,
790 821 893 883 exitio
927 820 1026 906 lrujus
1052 820 1145 884 urbis
1178 847 1195 902 ς

85 928 155 979 tam
192 921 333 1004 acerbe,
360 932 429 983 tam
456 920 638 984 crudeliter
657 919 828 1006 cogitarit,
852 919 951 983 etiam
979 918 1145 1004 appellari

84 1037 189 1100 posse
208 1020 425 1103 popularem.
455 1019 574 1104 ltaque
592 1021 694 1084 bomo
712 1020 908 1084 mitissimus
926 1032 1026 1105 atque
1043 1021 1146 1085 lenis·

84 1117 195 1182 simus
215 1141 285 1183 non
302 1121 432 1184 dubitat
445 1119 484 1183 P.
499 1119 685 1184 Lentulum
703 1120 849 1184 aeternis
866 1120 1014 1184 tenebris
1027 1121 1146 1184 vincu-

84 1218 198 1303 lisque
226 1222 406 1296 mandare,
425 1233 458 1284 et
482 1220 592 1284 sancit
611 1220 646 1283 in
671 1233 857 1304 posterum,
876 1241 919 1284 ne
943 1221 1019 1305 quis
1044 1221 1144 1307 liujus

84 1321 261 1404 supplicio
293 1321 440 1384 levando
464 1343 501 1384 se
521 1321 665 1407 jactare,
692 1321 783 1384 etin
809 1321 994 1405 perniciem
1026 1321 1144 1406 populi
1162 1347 1193 1384 ιο

84 1418 242 1483 Romani
264 1423 407 1504 posthac
424 1420 599 1505 popularis
624 1442 699 1484 esse
717 1420 843 1504 possitr
868 1421 1026 1507 adjungit
1042 1422 1145 1485 etiam

84 1520 358 1603 publicationem
384 1521 565 1594 bonorum,
591 1532 628 1583 ut
651 1521 762 1584 omnis
787 1520 891 1583 animi
918 1520 1088 1584 cruciatus
1112 1531 1168 1586 et'

83 1621 242 1705 corporis
267 1621 369 1684 etiam
394 1633 530 1707 egestas
555 1641 596 1684 ac
621 1620 823 1684 mendicitas
847 1632 1087 1706 consequatur.

127 1741 181 1786 vr.
210 1738 249 1783 ιι.
274 1719 390 1805 Qam
415 1721 459 1784 ob
484 1742 570 1792 rem,
592 1718 663 1784 sive
688 1721 754 1784 hoc
772 1721 967 1798 statueritis,
983 1719 1144 1784 dederitis

83 1820 167 1884 mihi
195 1822 358 1886 comitem
383 1820 436 1884 ad'
453 1821 645 1884 contionem
674 1818 801 1904 populo
825 1840 944 1884 carum
970 1832 1069 1905 atque
1089 1819 1190 1905 ju·15

83 1922 262 1994 cundum;
281 1921 352 1985 sive
366 1919 476 1985 Silani
495 1919 697 1983 sententiam
716 1919 811 2004 sequi
830 1918 1029 1991 malueritis,
1043 1917 1143 1984 facile

84 2042 138 2085 me
161 2021 286 2108 [atque
309 2021 386 2108 vos]
407 2019 616 2085 crudelitatis
641 2018 888 2102 vituperatione
915 2018 1141 2094 exsolventis

84 2133 187 2208 atque
218 2121 378 2187 obtinebo
410 2142 487 2184 eam
514 2120 618 2183 multo
643 2119 808 2182 leniorem
833 2117 952 2181 fuisse.
1009 2115 1143 2204 Qum·

83 2241 205 2306 quam,
224 2235 338 2307 patres
363 2220 559 2304 conscripti,
578 2241 667 2305 quae
691 2231 893 2303 potestesse
917 2218 951 2280 in
969 2219 1051 2281 tanti
1069 2239 1143 2282 sce·

84 2321 164 2386 leris
190 2321 402 2386 immanitate
426 2320 602 2406 punienda
626 2317 833 2384 crudelitas?
879 2316 957 2404 Ego
982 2319 1074 2381 enim
1098 2318 1141 2383 de
1156 2345 1190 2381 20

85 2441 163 2487 meo
184 2443 289 2487 sensu
310 2421 438 2509 judico.
488 2419 580 2484 Nam
599 2419 645 2484 ita
663 2419 745 2483 milri
763 2419 912 2483 salvare
929 2418 1066 2502 publica
1083 2440 1143 2484 vo-

84 2521 221 2587 biscum
239 2521 365 2606 perfrui
391 2522 504 2594 liceat,
522 2532 560 2584 ut
576 2541 655 2607 ego,
673 2520 765 2606 quod
782 2519 816 2582 in
835 2521 900 2583 hac
917 2539 1022 2582 causa
1039 2520 1142 2583 vehe-

85 2624 234 2688 mentior
258 2644 346 2695 sum,
366 2643 434 2685 non
459 2621 633 2684 atrocitate
658 2619 763 2683 animi
790 2619 1071 2705 moveor-quis
1091 2631 1142 2683 est

85 2723 179 2788 enim
203 2744 258 2787 me
285 2720 546 2787 mitior?-sed
563 2720 729 2807 singulari
756 2719 906 2806 quadarn
930 2719 1140 2783 humanitate

85 2835 119 2886 et
136 2822 383 2888 misericordia.
409 2820 539 2885 Videor
552 2821 643 2884 enim
663 2821 745 2883 mihi
763 2820 879 2883 videre
897 2821 987 2883 banc
1004 2819 1136 2892 urbem,
1154 2843 1186 2895 25

88 2922 201 2988 lucem
221 2923 313 2987 orbis
336 2935 501 2986 terrarum
527 2934 628 3006 atque
653 2943 767 2984 arcem
792 2919 944 2985 omnium
970 2919 1137 3004 gentium,

14 3045 17 3050 ·
85 3023 292 3088 subitouno
316 3022 474 3086 incendio
500 3022 750 3086 concidentem.
808 3020 923 3086 Cerno
949 3020 1063 3084 animo
1088 3041 1140 3084 se·

88 3123 183 3204 pulta
197 3123 230 3187 in
245 3123 353 3207 patria
367 3121 508 3185 miseros
524 3135 624 3208 atque
642 3122 829 3206 insepultos
847 3142 988 3185 acervos
1002 3121 1137 3186 civium.

88 3219 254 3288 Versatur
278 3221 360 3284 mibi
385 3235 463 3285 ante
488 3223 606 3286 oculos
632 3235 790 3307 aspectus
815 3221 977 3308 Cethegi,
996 3236 1028 3286 et
1047 3222 1140 3287 furor

92 3319 122 3383 in
141 3334 250 3387 vestra
275 3322 380 3386 caede
405 3323 616 3387 bacchantis.
662 3339 705 3385 12.
739 3321 828 3387 Cum
848 3345 929 3389 vero
955 3324 1036 3386 milri
1064 3346 1186 3408 pro-30

91 3422 185 3504 posui
203 3438 404 3510 regnantem
423 3422 622 3496 Lentulum,
642 3423 818 3507 sicutipse
843 3445 886 3487 ex
912 3424 988 3489 satis
1009 3447 1045 3488 se
1062 3446 1140 3510 spe·

91 3540 180 3588 rasse
205 3522 381 3588 confessus
407 3535 470 3595 est,
491 3537 712 3607 purpuratum
733 3545 807 3586 esse
833 3524 912 3588 huic
935 3524 1136 3597 Gabinium,

91 3641 165 3686 cum
190 3624 342 3688 exercitu
367 3622 502 3686 venisse
536 3620 735 3695 Catilinam,
761 3635 831 3686 tum
862 3625 1138 3689 lamentationem

93 3736 232 3787 matrum
262 3723 422 3794 familias,
442 3734 512 3784 tum
543 3721 660 3806 sugam
690 3721 861 3808 virginum
891 3735 991 3809 atque
1018 3746 1134 3808 puero·

91 3843 162 3888 rum
188 3846 229 3888 ac
246 3822 461 3887 vexationem
486 3819 658 3906 virginum
677 3819 868 3884 Vestalium
894 3824 1184 3906 perhorresc0335

92 3934 123 3988 et
144 3925 224 4012 quia
250 3921 334 3987 mihi
351 3922 573 3986 vehementer
599 3920 686 3983 baec
701 3920 859 3984 videntur
887 3922 1010 3986 misera
1036 3934 1137 4008 atque
