2668 4262
69 205 190 278 11·32·]
267 205 326 274 He
348 205 430 270 kills
457 203 598 271 Clodius
621 203 659 268 in
684 201 932 287 δόθ’-ἅψαι.
1066 199 1127 266 181

66 420 104 474 ut
127 407 261 474 sactum
286 415 467 472 est-nec
494 404 684 490 imperante
712 424 777 469 nec
796 402 933 468 sciente
949 421 1015 468 nec
1032 422 1131 488 prae·

66 511 168 574 sente
190 509 349 581 domino,
379 507 479 594 quod·
503 527 584 570 suos
615 506 759 593 quisque
791 525 909 569 servos
940 502 974 568 in
1005 503 1064 567 tali
1093 523 1130 568 re

66 610 187 674 iacere
203 609 378 674 voluisset.

113 729 166 774 ur.¹
194 725 244 774 ³0.
270 709 381 782 Haec,
401 705 500 771 sicuti
517 706 674 792 exposui,
693 706 739 769 ita
755 716 853 792 gesta
877 715 967 775 sunt,
982 702 1127 791 judices.

66 807 257 875 Insidiator
268 814 448 894 superatus
462 818 525 879 est,
539 805 572 868 vi
589 806 678 868 victa
692 805 757 879 vis,
771 805 825 868 vel
840 805 950 888 potius
964 823 1128 887 oppressa
1147 825 1163 883 ς

64 911 193 974 virtute
211 911 357 975 audacia
374 921 436 974 est.
487 905 585 970 Nihil
602 905 679 970 dico
701 904 785 990 quid
808 925 862 967 res
885 903 1023 988 publica
1048 923 1128 967 con·

65 1023 187 1074 secuta
206 1011 261 1085 sit,
280 1011 364 1074 nihil
381 1009 462 1096 quid
480 1029 552 1082 VOS,
573 1003 657 1069 nihil
674 1004 757 1090 quid
773 1024 893 1068 omnes
910 1002 1011 1066 boni:
1043 1001 1127 1066 nihil

65 1131 152 1176 sane
171 1111 209 1175 id
227 1111 331 1195 prosit
347 1109 483 1185 Miloni,
496 1109 556 1196 qui
579 1109 645 1172 hoc
666 1105 734 1170 fato
760 1116 858 1168 natus
882 1115 944 1177 est,
963 1115 1000 1166 ut
1023 1123 1066 1166 ne
1090 1123 1128 1168 se

65 1211 212 1295 quidem
226 1217 363 1276 servare
377 1211 533 1296 potuerit,
547 1209 631 1297 quin
645 1227 713 1272 una
725 1225 797 1270 rem
812 1203 985 1288 publicam
998 1221 1128 1288 vosque

66 1323 235 1400 servaret.
294 1309 337 1376 'Si
368 1311 403 1376 id
429 1310 507 1398 jure
539 1310 611 1374 lieri
644 1329 713 1373 non
745 1305 864 1392 potuit,
898 1302 984 1368 nihil
1016 1303 1128 1367 habeo
1151 1335 1183 1376 ιο

65 1412 161 1495 quod
188 1410 385 1477 defendam.
432 1409 496 1476 Sin
521 1412 586 1474 hoc
610 1420 644 1474 et
667 1409 752 1474 ratio
776 1404 905 1479 doctis,
921 1415 955 1467 et
978 1402 1128 1467 necessi·

66 1521 119 1573 tas
149 1511 322 1586 barbaris,
350 1522 391 1576 et·
412 1529 486 1576 mos
513 1511 685 1598 gentibus,
712 1521 746 1574 et
772 1506 853 1572 seris
881 1504 985 1570 etiam
1016 1501 1127 1568 beluis

67 1623 194 1675 natura
226 1611 302 1697 ipsa
333 1611 674 1698 praescripsit—ut
704 1629 843 1675 omnem
874 1625 1011 1690 semper
1040 1603 1125 1676 vim,

68 1717 307 1797 quacumque
323 1733 389 1798 ope
413 1719 564 1796 possent,
590 1728 611 1774 a
635 1707 789 1796 corpore,
816 1729 837 1776 a
863 1707 987 1794 capite,
1012 1724 1033 1768 a
1056 1703 1126 1768 vita

67 1831 131 1874 sua
162 1812 549 1897 propulsarent-non
577 1811 715 1896 potestis
743 1811 808 1876 hoc
840 1809 974 1875 lacinus
1001 1805 1182 1891 immo-15

67 1909 151 1974 bum
178 1911 350 2000 judicare,
379 1911 461 1996 quin
490 1911 591 1976 simul
615 1911 773 1999 judi-cetis
799 1910 972 1983 omnibus
1001 1906 1060 1995 qui
1092 1905 1126 1970 in

69 2009 222 2076 latrones
246 2011 438 2085 inciderint,
465 2024 522 2075 aut
544 2011 680 2075 illorum
704 2011 778 2076 telis
810 2021 869 2075 aut
898 2008 1019 2074 vestris
1050 2025 1123 2072 sen·

69 2112 185 2175 tentiis
203 2131 278 2176 esse
295 2111 528 2197 pereundum·
568 2128 610 2176 ³1.
634 2110 738 2197 Quod
755 2112 782 2176 si
800 2109 845 2175 ita
859 2120 1022 2196 putasset,
1035 2119 1128 2174 certe

69 2210 256 2293 optabilius
284 2210 407 2276 Miloni
436 2211 498 2275 suit
525 2212 607 2276 dare
635 2212 797 2300 jugulum
829 2211 869 2275 P.
894 2211 1030 2286 Clodio,
1057 2230 1127 2274 non

55 2299 181 2376 ‘semel
199 2311 242 2374 ab
260 2311 317 2375 illo
334 2331 444 2398 neque
461 2325 531 2378 tum
553 2312 700 2399 primum
724 2312 878 2396 petitum,
896 2333 1002 2402 quam
1022 2312 1128 2400 jugu·
1148 2322 1183 2361 20

72 2408 181 2474 laria
208 2411 317 2486 vobis,
336 2413 416 2496 quia
440 2433 480 2476 se
503 2432 572 2476 non
590 2411 822 2501 jugulandum
847 2413 895 2476 illi
918 2404 1124 2478 tradidisset.

72 2506 134 2572 Sin
161 2499 353 2576 hoc-nemo
377 2524 526 2576 vestrum
551 2512 596 2576 ita
616 2512 728 2584 sentit,
747 2535 815 2578 non
833 2513 917 2578 illud
930 2514 1003 2602 jam
1020 2514 1055 2576 in
1073 2513 1129 2601 ju·

71 2601 202 2675 dicium
227 2611 330 2685 venit,
355 2611 534 2676 occisusne
557 2611 599 2676 sit
625 2613 736 2699 (quod
764 2613 943 2700 fatemur),
967 2615 1027 2679 sed
1051 2611 1128 2703 jure

73 2722 117 2771 an
142 2709 281 2797 injuria,
305 2711 397 2797 quod
422 2712 535 2776 multis
552 2711 586 2776 in
604 2713 716 2777 causis
734 2735 839 2798 saepe
855 2715 1046 2800 quaesitum
1064 2724 1125 2777 est.

74 2806 222 2875 insidias
240 2811 346 2875 saetas
363 2833 438 2876 esse
455 2823 598 2886 constat,
615 2824 647 2877 et
664 2813 698 2877 id
715 2826 767 2877 est
780 2815 873 2900 quod
891 2825 1028 2878 senatus
1048 2834 1129 2878 con·
1147 2815 1180 2870 ²5

74 2919 124 2972 tra
142 2928 214 2974 rem
232 2911 405 2996 publicam
423 2912 548 2976 factum
562 2912 749 3002 judicavit:
775 2915 819 2978 ab
836 2925 911 2976 utro
931 2913 1041 2978 sactae
1064 2914 1131 2978 sint

74 3007 241 3074 incertum
257 3023 320 3074 est.
371 3011 423 3074 De
442 3012 507 3076 hoc
523 3012 626 3098 igitur
644 3014 749 3076 latum
766 3023 818 3077 est
838 3025 873 3076 ut
894 3025 1126 3099 quaereretur.

76 3105 126 3172 lta
151 3121 184 3174 et
206 3123 344 3174 senatus
367 3131 439 3174 rem
464 3132 532 3175 non
552 3113 882 3186 hominemnotavit,
895 3125 928 3176 et
945 3112 1129 3198 Pompeius

75 3207 118 3272 de
132 3209 208 3296 jure
225 3230 292 3273 non
310 3209 352 3274 de
369 3209 460 3275 sacto
471 3213 704 3297 quaestionem
718 3214 803 3276 tulit.
849 3231 914 3276 ΧΠ.
941 3211 1034 3276 Num
1048 3211 1129 3298 quid

77 3305 179 3393 igitur
200 3310 299 3386 ,aliud
321 3310 356 3373 in
380 3298 548 3398 judicium
578 3312 681 3386 venit,
706 3312 769 3376 nisi
799 3323 873 3376 uter
898 3313 962 3376 utri
987 3313 1129 3377 insidias
1149 3317 1184 3370 30

78 3405 234 3474 feceriti'
262 3409 419 3476 Profecto
444 3412 549 3474 nihil:
577 3411 604 3476 si
629 3411 685 3475 hic
707 3411 769 3485 illi,
787 3422 825 3476 ut
846 3433 890 3476 ne
909 3412 952 3476 sit
968 3411 1128 3498 impune3

79 3508 105 3571 si
121 3510 177 3574 ille
196 3510 288 3583 huic,
303 3523 339 3574 ut
355 3513 487 3576 scelere
503 3513 688 3576 solvamur.

121 3626 167 3674 aa.
191 3608 356 3695 Qunam
373 3612 477 3698 igitur
493 3627 593 3696 pacto
611 3611 745 3695 probari
764 3621 872 3696 potest
896 3610 1037 3677 insidias
1061 3611 1130 3676 Mi·

80 3711 145 3776 loni
175 3711 296 3777 fecisse
324 3710 509 3777 Clodium?
553 3711 645 3776 Satis
674 3724 725 3776 est
748 3713 784 3776 in
810 3713 868 3776 illa
894 3712 1032 3798 quidem
1059 3705 1128 3776 tam

81 3804 214 3888 audaci,
233 3824 301 3876 tam
320 3812 450 3876 nefaria
469 3813 583 3884 belua,
602 3813 726 3876 docere
744 3833 907 3898 magnam
925 3813 955 3877 ei
972 3827 1126 3885 causam,
1149 3829 1182 3884 35

81 3931 242 4001 magnam
264 3917 362 3998 spem
384 3913 418 3975 in
440 3910 582 3976 Milonis
608 3923 714 3977 morte
738 3913 959 3996 propositam,
982 3932 1128 3998 magnas
