2716 4266
117 213 181 255 xu.
198 205 252 276 33.]
335 205 463 274 Ρναίεο
487 208 535 295 ‘ff
548 207 604 274 the
627 207 770 274 Patrr'ot
793 206 964 274 Soldr'ers.
1025 182 1028 187 Ι
1119 225 1183 298 247

171 426 239 470 ΧΗ.
267 405 385 472 Placet
409 407 514 497 igitur
542 409 638 486 mihi,
668 420 781 494 patres
812 409 1008 495 conscripti,
1036 409 1183 498 legionis

115 506 277 573 Martiae
295 508 470 585 militibus,
486 521 520 574 et
536 509 584 576 eis
601 509 659 596 qui
677 531 745 574 una
762 522 956 598 pugnantes
970 511 1180 586 occiderunt,

114 620 387 674 monumentum
404 609 477 675 fieri
494 631 597 697 quam
616 611 878 696 amplissimum.
929 609 1063 698 Magna
1081 623 1182 698 atque

112 709 340 775 incredibilia
365 722 444 776 sunt
467 710 502 774 in
520 732 592 776 rem
611 711 785 796 publicam
804 710 905 798 hujus
930 711 1049 774 merita
1074 711 1183 800 legio-

113 810 191 875 nis.
243 810 342 876 Haec
364 832 400 876 se
425 811 536 896 prima
557 810 735 876 latrocinio
760 811 895 897 abrupit
918 809 1068 886 Antoni;
1095 812 1213 902 haee5

112 911 233 976 tenuit
252 909 402 985 Albam;
437 913 525 978 haec
551 933 587 976 se
615 912 658 978 ad
684 911 872 977 Caesarem
897 910 1057 986 contulit;
1090 913 1182 979 hane

112 1010 255 1075 imitata
272 1023 393 1097 quarta
412 1011 503 1098 legio
528 1032 647 1096 parem
672 1012 803 1076 virtutis
827 1011 974 1100 gloriam
998 1024 1182 1080 consecuta

112 1121 186 1175 est.
238 1109 373 1197 Quarta
403 1110 525 1178 victrix
551 1110 723 1177 desiderat
749 1111 944 1176 neminem:
977 1132 1021 1177 ex
1053 1112 1182 1180 Martia

112 1231 193 1276 non
221 1211 305 1276 nulli
329 1210 365 1274 in
391 1209 467 1294 ipsa
490 1210 633 1276 victoria
664 1211 897 1278 conciderunt.
946 1210 979 1277 O
1012 1211 1182 1279 fortunata

113 1333 229 1386 mors,
256 1331 345 1397 quae
368 1324 511 1376 naturae
537 1310 651 1376 debita
678 1333 738 1394 pro
761 1312 871 1396 patria
897 1322 949 1380 est
967 1312 1181 1398 potissimum
1198 1357 1230 1398 10

112 1411 279 1477 reddita!
327 1426 374 1475 aa.
399 1410 472 1476 Vos
493 1431 575 1476 vero
598 1410 728 1495 patriae
753 1422 851 1476 natos
871 1411 1011 1500 judico:
1035 1433 1181 1500 quorum

113 1511 225 1574 etiam
250 1531 415 1576 nomena
440 1508 554 1574 Marte
578 1521 641 1584 est,
660 1522 696 1574 ut
720 1510 810 1578 idern
835 1511 920 1578 deus
944 1513 1064 1579 urbem
1089 1514 1180 1580 hanc

113 1611 298 1699 gentibue,
325 1633 386 1675 vos
416 1609 496 1674 huic
521 1609 597 1674 urbi
626 1611 788 1696 genuisse
816 1611 981 1676 videatur.
1029 1611 1069 1676 In
1096 1613 1180 1700 suga

114 1710 224 1776 soeda
253 1731 345 1774 mors
374 1721 444 1774 est:
476 1709 513 1774 in
541 1709 683 1775 victoria
707 1709 869 1794 gloriosa.
919 1709 1055 1776 Etenim
1080 1711 1178 1778 Mars

114 1811 196 1895 ipse
214 1830 258 1875 ex
275 1809 349 1874 acie
367 1808 586 1874 fortissimum
603 1829 776 1895 quemque
793 1809 966 1895 pignerari
984 1811 1081 1876 solet.
1124 1810 1178 1876 Illi
1196 1849 1228 1906 ¹5

115 1910 227 1998 igitur
255 1909 364 1994 impii,
380 1930 466 1994 quos
495 1906 678 1984 cecidistiS,
698 1909 801 1974 etiam
828 1909 872 1973 ad
898 1908 1023 1974 inferos
1048 1931 1178 1996 poenas

115 2009 283 2095 parricidi
311 2010 425 2073 luent:
460 2030 520 2074 vos
548 2030 643 2083 vero,
662 2008 720 2095 qui
746 2019 937 2074 extremum
963 2009 1117 2095 spiritum
1141 2010 1178 2076 in

114 2109 263 2176 victoria
288 2108 467 2183 effudistis,
487 2108 620 2193 piorum
637 2108 718 2174 estis
735 2108 853 2172 sedem
870 2120 903 2173 et
919 2109 1032 2175 locum
1057 2131 1178 2178 conse·

115 2210 202 2276 cuti.
252 2207 373 2274 Brevis
391 2229 411 2272 a
428 2219 550 2273 natura
567 2207 665 2272 nobis
681 2208 750 2271 vita
767 2208 846 2274 data
864 2220 934 2274 est:
961 2220 995 2275 at
1012 2212 1178 2278 memoria

114 2313 209 2376 bene
238 2308 392 2374 redditae
420 2308 510 2374 vitae
538 2307 759 2393 sempiterna.
810 2305 913 2400 Quae
938 2309 967 2376 si
995 2332 1063 2375 non
1088 2321 1177 2378 esset
1193 2343 1228 2382 20

116 2409 257 2497 longior
285 2429 389 2496 quarn
418 2409 507 2472 haec
533 2407 615 2482 vita,
646 2407 723 2494 quis
751 2419 842 2473 esset
867 2419 938 2474 tam
966 2430 1085 2476 amens
1117 2411 1176 2497 qui

117 2509 282 2574 maximis
309 2508 483 2574 laboribus
512 2519 545 2572 et
572 2507 733 2593 periculis
764 2508 809 2574 ad
837 2529 1008 2574 summam
1037 2510 1175 2576 laudern

116 2610 336 2698 gloriamque
361 2606 604 2674 contenderet?
649 2624 695 2672 33.
719 2606 847 2676 Actum
870 2608 974 2696 igitur
997 2611 1175 2695 praeclare

117 2710 310 2781 vobiscum,
339 2706 524 2782 fortissimi,
553 2708 634 2772 dum
665 2707 812 2782 vixistis,
840 2729 932 2774 nunc
958 2730 1040 2774 vero
1072 2710 1174 2776 etiam

117 2807 324 2874 sanctissimi
343 2807 480 2882 milites,
504 2807 596 2893 quod
612 2819 726 2872 vestra
742 2808 848 2872 virtus
871 2829 983 2895 neque
1003 2809 1175 2876 oblivione
1191 2834 1224 2892 25

117 2929 236 2976 eorum
262 2907 320 2995 qui
347 2927 437 2972 nunc
470 2918 561 2981 sunt,
591 2927 656 2972 nec
686 2907 860 2972 reticentia
884 2919 1097 2994 posterorum
1121 2931 1174 2976 se·

117 3010 213 3095 pulta
230 3029 306 3074 esse
331 3007 466 3093 poterit,
486 3027 565 3072 cum
589 3007 687 3072 vobis
710 3007 901 3074 immortale
927 3009 1173 3075 monimentum

117 3109 188 3175 suis
213 3129 324 3194 paene
343 3107 502 3172 manibus
520 3117 659 3172 senatus
676 3109 891 3196 populusque
909 3108 1090 3174 Romanus
1114 3132 1174 3176 ex·

117 3209 289 3276 struxerit.
351 3206 452 3272 Multi
486 3228 591 3292 saepe
623 3207 794 3272 exercitus
826 3207 978 3283 Punicis,
1012 3209 1170 3286 Gallicis,

117 3309 245 3376 Italicis
269 3307 369 3374 bellis
394 3306 478 3374 clari
503 3318 537 3372 et
559 3307 679 3395 magni
699 3307 847 3382 suerunt,
867 3329 930 3374 nec
953 3321 1069 3374 tamen
1093 3311 1173 3376 ullis
1190 3334 1225 3390 30

116 3411 184 3476 tale
201 3431 313 3498 genus
331 3409 470 3474 honoris
488 3408 649 3472 tributum
666 3420 728 3473 est.
763 3407 877 3495 Atque
894 3408 1024 3474 utinam
1041 3411 1172 3498 majora

117 3531 309 3595 possemus,
324 3508 616 3596 quandoquidem
633 3529 653 3572 a
669 3508 766 3574 vobis
783 3509 935 3573 maxima
952 3509 1169 3596 accepimus!

117 3609 189 3677 Vos
205 3612 249 3676 ab
266 3611 350 3676 urbe
368 3610 537 3674 furentem
554 3607 743 3674 Antonium
761 3609 949 3674 avertistisz
973 3632 1034 3676 vos
1059 3611 1170 3677 redire

117 3711 314 3777 molientem
348 3710 553 3796 reppulistis.
618 3708 692 3774 Erit
723 3708 827 3796 igitur
858 3721 1029 3776 exstructa
1062 3713 1170 3778 moles

116 3833 220 3898 opere
253 3811 440 3899 magnifico
472 3809 668 3895 incisaeque
696 3807 840 3883 litterae,
871 3808 1007 3875 divinae
1039 3811 1170 3878 virtutis
1187 3825 1221 3881 35

116 3923 219 3980 testes
236 3911 487 3998 sempiternae:
513 3928 769 3994 numquamque
787 3909 830 3974 de
846 3909 943 3975 vobis
960 3931 1092 3989 eorum,
1110 3912 1168 4000 qui
