2714 4266
111 155 290 240 xxvr11.76.]
317 170 389 236 His
412 171 538 238 Rustic
559 170 647 255 Life
670 171 744 236 and
763 168 971 238 Character.
1121 189 1161 253 13

110 382 181 436 tum
199 369 314 437 dedit?
356 371 483 437 Nonne
500 373 554 438 his
570 372 724 458 vestigiis
742 373 786 438 ad
802 383 906 458 caput
922 370 1071 436 malefici
1087 393 1162 457 per·

110 473 219 538 veniri
244 469 352 536 solet?
399 470 444 535 Et
466 472 568 536 simul
593 472 651 536 tibi
676 472 711 536 in
736 484 884 536 mentem
909 472 1023 536 veniat
1046 470 1161 546 sacit0,

110 594 212 658 quem
246 572 289 636 ad
324 570 463 635 modum
496 572 599 635 vitam
635 571 777 658 hujusce
809 571 1028 656 depinxeris:
1071 571 1163 636 hunc
1193 639 1196 644 ,

111 673 286 737 hominem
319 671 430 736 ferum
464 683 565 757 atque
597 683 770 757 agrestem
806 671 932 745 suisse3
973 691 1161 755 numquam

111 792 190 836 cum
219 772 358 838 homine
386 792 561 857 quoquam
590 770 809 835 conlocutum
839 791 936 844 esse3
974 790 1162 855 numquam
1189 791 1205 850 ς

110 871 147 938 in
171 872 297 957 oppido
326 870 529 937 constitisse.

155 987 202 1036 aa.
227 971 308 1058 Qut
334 971 369 1034 in
398 992 434 1035 re
461 981 637 1055 praetereo
665 969 763 1043 illud,
787 969 880 1056 quod
903 967 986 1033 mihi
1011 968 1163 1054 maximo

111 1084 315 1159 argumento
332 1070 377 1135 ad
394 1071 495 1158 hujus
513 1070 746 1137 innocentiam
769 1074 900 1156 'poterat
923 1089 1011 1145 esse,
1031 1069 1066 1134 in
1090 1091 1163 1134 rus·

109 1171 186 1237 ticis
207 1171 371 1245 moribus,
389 1171 423 1234 in
440 1170 532 1236 victu
549 1170 659 1246 arido,
677 1170 711 1234 in
731 1171 797 1236 hac
813 1171 950 1236 horrida
966 1169 1163 1256 incultaque

108 1271 179 1335 vita
204 1271 299 1336 istius
325 1270 416 1335 modi
442 1270 613 1336 maleficia
637 1271 736 1358 gigni
761 1293 830 1336 non
855 1272 977 1336 solere.
1026 1271 1074 1336 Ut
1093 1291 1208 1336 nonro

109 1392 249 1440 onmem
265 1370 402 1458 frugem
419 1392 532 1457 neque
548 1371 706 1436 arborem
723 1371 760 1435 in
783 1371 877 1437 omni
902 1392 987 1460 agro
1012 1369 1163 1457 reperire

109 1471 234 1556 possis,
264 1470 314 1536 sic
342 1492 411 1534 non
439 1492 542 1536 omne
570 1472 705 1536 lacinus
729 1472 764 1536 in
787 1473 881 1537 omni
904 1473 974 1539 vita
997 1471 1159 1538 nascitur.

109 1570 152 1636 In
169 1571 251 1635 urbe
269 1563 423 1635 luxuries
440 1583 595 1645 creatur3
625 1593 669 1636 ex
693 1572 830 1637 luxuria
854 1573 996 1638 exsistat
1019 1571 1162 1636 avaritia

108 1691 251 1735 necesse
269 1682 331 1745 est,
351 1691 394 1734 ex
412 1671 554 1735 avaritia
572 1683 730 1756 erumpat
746 1672 912 1746 audacia3
945 1672 1024 1737 inde
1041 1671 1161 1736 omnia

108 1772 241 1836 scelera
274 1791 316 1835 ac
348 1771 518 1835 maleficia
549 1772 752 1858 gignuntur.
816 1771 896 1836 Vita
928 1757 1042 1836 autem
1076 1773 1209 1851 haecr5

107 1872 249 1945 rustica,
276 1891 379 1957 quam
404 1883 439 1934 tu
469 1885 641 1957 agrestem
673 1893 790 1948 vocae,
816 1871 1061 1958 parsimoniae,
1086 1871 1163 1936 dili-

108 1971 260 2060 gentiae,
283 1971 434 2058 justitiae
460 1972 626 2059 magistra
650 1983 712 2036 est.

154 2088 201 2139 at.
224 2070 357 2134 Verum
392 2071 480 2134 haec
513 2071 617 2136 missa
649 2071 750 2137 sacio.
800 2071 891 2137 Illud
923 2070 1162 2157 quaero,-is

108 2173 227 2246 homo,
260 2170 332 2256 qui,
365 2181 403 2234 ut
434 2182 502 2234 tute
535 2171 645 2246 dicis,
668 2192 855 2258 numquam
888 2171 975 2236 inter
1006 2171 1162 2236 homines

107 2272 223 2346 fuerit,
245 2292 306 2355 per
327 2291 412 2356 quos
434 2271 590 2336 homines
611 2272 677 2336 hoc
701 2284 831 2336 tantum
855 2272 989 2336 facinus
1013 2283 1082 2336 tam
1106 2291 1208 2334 oc-zo

109 2373 214 2446 culte,
245 2372 370 2435 absens
403 2371 615 2455 praesertim,
646 2373 815 2436 conficere
844 2371 1000 2456 potuerit.
1050 2370 1163 2434 Multa

109 2484 189 2536 sunt
214 2469 313 2545 falsa,
332 2469 480 2558 judices,
504 2491 593 2556 quae
618 2483 733 2536 tamen
758 2472 857 2558 argui
882 2471 1061 2556 suspiriose
1086 2493 1163 2555 pos·

109 2584 209 2644 sunt3
250 2570 285 2633 in
318 2569 371 2634 his
403 2571 505 2634 rebus
534 2570 562 2634 si
591 2571 733 2655 suspitio
762 2583 895 2655 reperta
924 2571 998 2645 erit,
1024 2571 1162 2655 culpam

108 2673 224 2737 inesse
257 2670 457 2734 concedam.
520 2669 655 2734 Romae
688 2670 771 2734 Sex.
803 2669 952 2735 Roscius
982 2669 1160 2746 occiditur,

110 2794 190 2837 cum
219 2771 255 2833 in
284 2792 368 2857 agro
397 2769 564 2834 Amerino
593 2783 682 2834 esset
710 2771 811 2834 filius.
862 2769 1023 2845 Litteras,
1044 2771 1208 2850 credo,25

111 2871 203 2936 misit
235 2870 337 2934 alicui
370 2869 505 2942 sicario,
540 2870 598 2956 qui
635 2871 770 2934 Romae
802 2882 943 2935 noverat
974 2870 1160 2946 neminem.

110 2971 319 3037 ‘Arcessivit
336 2971 511 3056 aliquem.'
560 2969 675 3053 Quem
693 2983 750 3034 aut
766 2969 926 3056 quando?
973 2969 1162 3034 'Nuntium

110 3071 227 3136 misit.’
279 3069 395 3154 Qem
425 3071 554 3134 autad
583 3069 707 3155 quem?
757 3069 902 3144 ‘Pretio,
932 3071 1056 3156 gratia,
1086 3092 1160 3155 spe,

111 3171 287 3258 promissis
305 3170 440 3235 induxit
456 3170 631 3256 aliquem!
677 3169 773 3234 Nihil
798 3171 918 3234 horum
944 3192 987 3234 ne
1012 3171 1163 3259 confingi

111 3272 250 3358 quidem
269 3282 390 3354 potest,
410 3281 574 3335 ettamen
591 3292 696 3336 causa
713 3271 756 3334 de
774 3269 957 3355 parricidio
973 3270 1116 3335 dicitur!
1177 3299 1209 3350 ³0

156 3387 201 3436 35.
225 3371 414 3456 Reliquum
439 3382 491 3434 est
514 3382 550 3434 ut
574 3392 635 3454 per
656 3393 773 3435 servos
791 3372 825 3434 id
842 3370 1030 3436 admiserit.
1080 3371 1163 3438 Odi

112 3469 343 3536 immortales!
377 3493 448 3534 rem
479 3471 639 3534 miseram
669 3482 701 3536 et
729 3470 978 3544 calamitosam,
1009 3474 1100 3558 quod
1128 3473 1163 3540 in

113 3572 170 3636 tali
188 3571 331 3636 crimine
347 3571 440 3657 quod
457 3571 629 3635 innocenti
647 3571 747 3636 saluti
766 3573 851 3636 solet
875 3592 963 3645 esse,
987 3585 1023 3636 ut
1047 3595 1163 3640 servos

113 3671 147 3735 in
170 3672 405 3757 quaestionem
429 3672 642 3756 polliceatur,
661 3672 695 3735 id
713 3671 797 3736 Sex.
819 3672 946 3737 Roscio
964 3671 1077 3738 facere
1094 3697 1163 3740 non

113 3772 202 3836 licet.
251 3771 337 3846 Vos,
372 3771 429 3858 qui
462 3773 555 3835 hunc
588 3773 768 3848 accusatio,
798 3773 909 3837 omnis
942 3772 1014 3860 ejus
1047 3797 1163 3841 servos
1180 3797 1212 3851 35

113 3872 257 3938 habetis.
302 3871 403 3938 Unus
416 3893 513 3957 puer,
529 3867 637 3936 victus
650 3873 812 3938 cotidiani
830 3874 993 3948 minister,
1010 3896 1053 3938 ex
1069 3888 1162 3940 tanta
