2668 4262
199 231 263 320 184
550 231 707 319 Desence
731 236 779 321 (ff
791 233 894 300 Milo·
1151 230 1261 300 [Mle

196 435 256 500 sed
273 434 307 498 in
326 432 385 499 illo
404 433 569 509 maxima,
590 435 683 499 nulla
700 435 735 500 in
753 433 842 500 hoc?
865 435 947 522 quid
960 435 1061 500 voltis
1087 433 1261 520 amplius?

197 534 291 620 Qid
322 535 413 599 enim
443 534 570 598 odisset
596 533 756 599 Clodium
785 535 884 610 Milo,
904 549 1056 624 segetem
1085 557 1127 599 ac
1155 548 1260 598 mate-

197 637 280 700 riem
298 657 380 700 suae
399 634 544 722 gloriae,
562 649 696 719 praeter
714 637 778 700 hoc
795 637 894 700 civile
911 637 1040 708 odium,
1055 658 1125 722 quo
1146 638 1261 698 omnis

197 738 368 820 improbos
385 732 543 800 odimus?
592 733 654 798 Ille
672 748 743 798 erat
760 748 796 799 ut
812 737 950 810 odisset,
970 736 1117 820 primum
1140 733 1261 798 defen-

145 869 159 924 5
197 859 305 900 sorem
325 837 442 900 salutis
462 857 572 909 meae,
593 834 717 898 deinde
735 848 933 918 vexatorem
957 834 1092 908 furoris,
1111 834 1261 898 domito-

198 959 268 999 rem
297 957 469 1000 armorum
500 958 653 1006 suorum,
682 947 853 1020 postremo
884 935 986 998 etiam
1019 947 1260 999 accusatorem

196 1058 317 1100 suurn:
357 1058 435 1101 reus
464 1037 555 1102 enim
587 1035 730 1101 Milonis
760 1035 837 1121 lege
866 1033 977 1100 Plotia
1002 1035 1062 1098 snit
1094 1032 1258 1108 Clodius,

196 1136 316 1222 quoad·
326 1136 420 1200 vixit.
471 1134 552 1220 Quo
569 1137 707 1202 tandem
725 1135 840 1200 animo
859 1135 924 1198 lroc
948 1146 1132 1222 tyrannum
1159 1133 1258 1196 illurn

197 1237 312 1300 tulisse
345 1235 503 1302 creditis?
536 1251 701 1324 quantum
719 1236 835 1301 odium
863 1235 967 1310 itlius,
995 1245 1026 1300 et
1053 1232 1087 1298 in
1114 1231 1259 1298 homine

147 1377 178 1416 ,0
197 1337 320 1424 injusto
337 1357 439 1422 quam
458 1337 559 1401 etiarn
581 1338 710 1428 justum
728 1334 856 1401 fuisse?

242 1456 318 1500 xrv.
344 1452 391 1500 36.
416 1437 601 1524 Reliquum
634 1449 685 1502 est
717 1451 753 1502 ut
780 1436 853 1526 jam
878 1436 975 1500 illum
1000 1448 1121 1500 natura
1148 1435 1257 1519 ipsius

198 1537 476 1624 consuetudoque
509 1538 682 1612 defendat,
717 1540 809 1602 hunc
849 1548 963 1601 autern
1004 1537 1091 1600 haec
1130 1535 1256 1600 eadem

198 1649 374 1724 coarguat.
424 1637 520 1701 Nihil
540 1661 599 1723 per
618 1640 684 1702 vim
703 1660 864 1726 umquam
885 1635 1041 1711 Clodius,
1060 1634 1178 1700 omnia
1196 1657 1257 1720 per

197 1738 265 1800 vim
280 1735 375 1801 Milo.
420 1734 538 1821 Qud?
567 1761 645 1825 ego,
657 1738 803 1826 judices,
821 1760 899 1803 curn
913 1737 1144 1803 maerentibus
1158 1736 1256 1800 vobis

147 1869 177 1924 ¹5
198 1839 280 1901 urbe
305 1836 406 1911 cessi,
421 1837 633 1924 judiciumne
659 1837 776 1903 timui?
801 1861 869 1903 non
894 1860 1024 1912 servos
1044 1851 1120 1902 non*
1143 1857 1255 1908 arma,

198 1960 264 2002 non
290 1935 381 2001 vim?
416 1935 517 2022 Quae
542 1937 659 2003 suisset
683 1939 785 2028 igitur
806 1940 897 2028 justa
923 1961 1030 2005 causa
1054 1936 1256 2004 restituendi

199 2038 277 2111 mei,
297 2037 360 2102 nisi
380 2037 496 2101 fnisset
524 2037 647 2126 injusta
674 2038 842 2104 eiciendi?
890 2039 993 2104 Diem
1019 2039 1254 2114 milri,cred0,
1331 2047 1332 2062 ³

197 2139 343 2211 dixerat,
367 2139 505 2202 multam
530 2139 716 2226 inrogarat,
737 2140 906 2205 actionem
933 2140 1179 2226 perduellionis
1206 2140 1257 2204 in·

197 2239 371 2302 tenderat:
396 2249 429 2302 et
446 2237 527 2302 mihi
547 2239 704 2305 videlicet
719 2240 753 2304 in
772 2263 876 2306 causa
895 2254 952 2306 aut
970 2243 1061 2306 mala
1085 2254 1144 2306 aut
1161 2263 1254 2316 mea,

145 2362 180 2402 20
199 2359 265 2401 non
277 2351 309 2402 et
325 2337 598 2424 praeclarissima
613 2353 645 2404 et
655 2352 780 2414 vestra,
792 2341 961 2430 judicium
975 2344 1163 2408 timendum
1177 2341 1251 2406 fuit.

198 2437 383 2502 Servorum
406 2450 439 2502 et
449 2439 628 2524 egentium
654 2440 779 2505 civium
797 2453 830 2506 et
853 2443 1123 2509 facinorosorum
1150 2442 1257 2506 armis

199 2561 292 2602 meos
309 2539 406 2612 civis,
426 2538 511 2602 meis
528 2541 678 2604 consiliis
695 2541 923 2629 periculisque
940 2556 1105 2614 servatos,
1118 2563 1180 2626 pro
1199 2563 1254 2606 me

198 2637 285 2702 obici
315 2637 420 2703 nolui.
469 2655 514 2702 37.
538 2639 618 2704 Vidi
640 2641 745 2716 enim,
765 2642 833 2707 vidi
855 2643 946 2707 hunc
963 2641 1254 2728 ipsquHor·
1329 2679 1330 2715 ;

199 2739 357 2812 tensium,
388 2739 502 2804 lumen
535 2751 567 2804 et
598 2755 837 2806 ornamentum
870 2743 918 2807 rei
951 2743 1122 2828 publicae,
1141 2762 1253 2827 paene

145 2856 178 2910 25
199 2838 340 2902 interfici
373 2861 547 2904 servorum
581 2862 697 2915 mann,
717 2863 795 2906 curn
826 2841 908 2907 mihi
938 2843 1093 2908 adesset:
1121 2862 1189 2928 qua
1220 2842 1254 2904 in

199 2939 295 3001 tnrba
313 2937 354 3002 C.
371 2938 538 3005 Vibienus
567 2955 715 3016 senator,
736 2942 787 3006 vir
803 2943 963 3027 optimus
977 2962 1055 3006 curn
1082 2943 1147 3005 hoc
1173 2961 1253 3005 cnm
1328 2969 1329 3021 ;

199 3051 287 3101 esset
304 3060 385 3109 nna,
404 3038 447 3103 ita
465 3053 515 3104 est
540 3041 721 3116 mulcatus,
741 3053 775 3105 ut
793 3043 894 3104 vitam
921 3041 1082 3105 amiserit.
1131 3040 1253 3127 Itaque

198 3139 335 3223 qnando
360 3139 450 3204 illius
474 3153 591 3225 postea
616 3143 687 3207 sica
709 3142 780 3215 illa,
803 3162 906 3227 quam
933 3162 952 3205 a
979 3139 1130 3206 Catilina
1154 3161 1253 3206 acce·
1327 3213 1328 3232 ἶ

200 3250 306 3321 perat,
322 3239 536 3325 conquievit?
585 3241 684 3306 Haec
700 3241 863 3305 intentata
878 3241 975 3306 nobis
992 3252 1063 3314 est3
1088 3241 1169 3305 huic
1186 3263 1252 3328 ego
1327 3239 1328 3327 l

145 3349 258 3403 30vos
290 3337 378 3402 obici
406 3361 468 3424 pro
500 3362 555 3405 me
587 3363 655 3405 non
688 3361 762 3404 sum
795 3361 938 3426 passus3
975 3341 1062 3405 haec
1092 3339 1250 3405 insidiata

199 3435 362 3523 Pompeio
387 3451 457 3514 est3
493 3441 580 3506 haec
604 3440 702 3505 istam
728 3439 893 3526 Appiam,
928 3441 1175 3506 monimentum
1200 3441 1249 3506 sui

199 3539 357 3615 nominis,
384 3561 469 3606 nece
493 3540 609 3626 Papiri
634 3541 841 3613 cruentavit3
878 3542 965 3606 haec
996 3541 1118 3604 eadem
1147 3539 1249 3628 longo
1326 3535 1327 3570 l

198 3639 376 3705 intervallo
401 3662 566 3706 conversa
591 3663 708 3704 rursus
733 3639 840 3703 estin
867 3662 941 3704 me:
971 3659 1080 3725 nuper
1096 3637 1247 3726 quidem,

199 3749 234 3819 ut
258 3737 362 3810 scitis
384 3761 437 3802 me
462 3740 507 3802 ad
531 3739 662 3823 regiam
689 3759 799 3822 paene
824 3739 980 3802 confecit.

146 3838 178 3893 35
242 3850 288 3898 aa.
313 3835 407 3920 Quid
425 3836 534 3898 simile
552 3834 715 3900 Milonis?
747 3835 911 3922 cujusvis
930 3835 1041 3902 omnis
1058 3837 1146 3904 haec
1163 3860 1248 3905 sem-

200 3955 260 4017 per
282 3935 354 4006 suit‚
373 3955 416 3997 ne
441 3932 481 3996 P.
500 3931 657 4008 Clodius,
676 3954 753 3997 cum
777 3933 812 3997 in
833 3934 999 4021 judicium
1023 3937 1158 4003 detrahi
1183 3959 1247 4004 non
1324 4015 1325 4026 χ
