2716 4266
104 207 177 249 xxv.
192 194 255 268 68.]
270 197 423 288 Pompcy
442 199 505 265 has
527 202 676 290 nothing
692 211 726 269 to
738 203 832 291 sear
843 205 948 290 from
968 203 1072 270 Milo,
1102 220 1164 294 195

103 420 185 462 esse
203 399 344 464 diceret.
394 399 549 466 Nudavit
570 424 606 467 se
632 403 666 466 in
690 403 903 470 sanctissimo
923 408 1064 491 templo,
1083 429 1167 495 quo·

103 499 203 562 niam
223 500 290 564 vita
306 501 383 566 talis
400 513 431 566 et
448 501 532 566 civis
549 516 581 566 et
597 503 659 567 viri
676 505 778 568 fidem
796 527 864 569 non
889 505 1047 582 faciebat,
1066 520 1102 572 ut
1126 530 1167 573 eo

102 611 245 664 tacente
262 622 316 666 res
333 601 408 688 ipsa
425 602 631 688 loqueretur.

150 720 247 764 xxv.
273 719 318 766 or.
342 701 470 766 Omnia
493 702 581 767 falsa
602 715 701 790 atque
718 704 880 770 insidiose
898 707 976 771 licta
994 719 1168 794 comperta

102 813 200 864 sunt.
251 801 341 867 Cum
359 814 487 876 tamen,
505 802 533 867 si
552 804 710 867 metuitur
734 805 836 870 etiam
861 828 952 872 nunc
976 807 1076 883 Milo,
1098 830 1167 872 non
1186 840 1201 894 5

108 899 187 987 jam
217 903 283 968 hoc
311 901 519 968 Clodianum
546 903 675 968 crimen
702 904 875 980 timemus,
898 909 958 972 sed
985 919 1073 982 tuas,
1097 907 1166 973 Cn.

102 999 354 1088 Pompei—te
387 1003 477 1068 enim
506 1002 579 1092 jam
613 1006 764 1089 appello,
793 1018 826 1071 et
857 1028 898 1072 ea
929 1028 1013 1072 voce
1044 1018 1081 1072 ut
1113 1029 1168 1072 me

102 1103 277 1168 exaudire
302 1103 565 1190 possis-tuas,
584 1117 672 1182 tuas,
691 1105 845 1192 inquam,
864 1107 1068 1192 suspitiones
1092 1129 1169 1193 per-

104 1202 364 1269 horrescimus:
392 1203 420 1269 si
445 1203 613 1270 Milonem
638 1206 759 1281 times3
786 1206 813 1272 si
839 1207 931 1272 hunc
954 1208 997 1272 de
1021 1220 1077 1272 tua
1100 1209 1168 1273 vita

103 1302 243 1368 nefarie
268 1315 326 1369 aut
349 1325 442 1370 nunc
465 1307 618 1394 cogitare
642 1318 701 1370 aut
725 1307 877 1371 molitum
903 1307 1087 1394 aliquando
1107 1309 1169 1372 ali·
1189 1351 1222 1389 ,0

104 1403 193 1488 quid
212 1416 333 1489 putas3
363 1405 391 1470 si
409 1405 529 1470 ltaliae
555 1406 698 1472 dilectus
718 1408 773 1493 (ut
797 1429 864 1471 non
890 1408 974 1471 nulli
999 1408 1168 1494 conquisi-

104 1514 202 1568 tores
234 1506 281 1568 tui
314 1506 544 1589 dictitarunt)‚
578 1506 605 1572 si
642 1506 729 1571 haec
761 1527 870 1581 arma,
898 1507 925 1572 si
952 1506 1169 1592 Capitolinae

105 1605 283 1680 cohortes,
312 1606 340 1670 si
365 1606 545 1682 excubiae,
572 1606 600 1670 si
624 1606 777 1694 vigiliae,
807 1607 835 1671 si
860 1606 984 1671 dilecta
1007 1607 1169 1695 juventus

105 1724 202 1790 quae
223 1717 316 1769 tuum
338 1727 463 1790 corpus
483 1707 692 1792 domumque
714 1706 859 1771 custodit
884 1719 1001 1772 contra
1027 1706 1169 1773 Milonis

106 1803 279 1888 impetum
303 1818 433 1870 armata
458 1817 520 1881 est,
540 1818 640 1892 atque
665 1805 723 1870 illa
747 1806 862 1870 omnia
887 1807 920 1870 in
946 1807 1038 1872 hunc
1061 1829 1168 1872 unum
1192 1840 1221 1896 ¹5

107 1902 277 1980 instituta,
303 1917 436 1991 parata,
462 1907 591 1971 intenta
615 1917 903 1992 sunt,—magna
928 1905 963 1969 in
988 1907 1054 1971 hoc
1077 1920 1168 1974 certe

108 2003 161 2068 vis
180 2016 216 2070 et
231 2004 440 2071 incredibilis
458 2005 605 2081 animus,
625 2017 657 2070 et
674 2027 740 2069 non
759 2005 859 2070 unius
876 2005 939 2069 viri
955 2005 1045 2071 vires
1067 2019 1168 2093 atque

107 2125 198 2188 opes
211 2104 420 2193 judicantur,
440 2105 467 2172 si
485 2106 622 2192 quidem
639 2105 674 2168 in
692 2106 783 2170 hunc
807 2127 913 2169 unum
938 2115 971 2171 et
994 2118 1171 2197 praestan-¹

108 2203 264 2270 tissimus
292 2207 363 2271 dux
392 2207 520 2272 electus
548 2216 581 2270 et
608 2217 675 2269 tota
704 2227 758 2270 res
786 2205 923 2290 publica
949 2219 1079 2271 armata
1103 2218 1166 2273 est.

107 2321 156 2368 oe.
183 2305 255 2371 Sed
287 2307 363 2394 quis
395 2327 463 2370 non
495 2305 661 2392 intellegit
691 2304 802 2369 omnis
833 2305 893 2370 tibi
924 2306 973 2370 rei
1009 2300 1168 2393 publicae
1189 2336 1223 2373 20

109 2407 218 2491 partis
244 2427 369 2494 aegras
391 2418 424 2471 et
444 2405 604 2480 labantis,
627 2417 664 2469 ut
689 2425 748 2469 eas
770 2405 823 2470 his
846 2405 950 2470 armis
972 2427 1113 2472 sanares
1135 2419 1169 2472 et

109 2509 349 2582 confirmares,
371 2527 446 2572 esse
471 2502 695 2570 commissas?
743 2503 848 2591 Qrod
872 2504 900 2569 si
925 2506 1020 2570 locus
1044 2505 1168 2570 Miloni

110 2608 213 2673 datus
238 2621 339 2684 esset,
361 2597 538 2693 probasset
561 2605 711 2690 profecto
734 2605 793 2668 tibi
818 2604 882 2689 ipsi
904 2606 1076 2670 neminem
1094 2629 1168 2670 um-

110 2731 217 2796 quam
234 2709 407 2774 hominem
427 2707 554 2773 homini
580 2705 745 2770 cariorem
770 2705 874 2770 fuisse
898 2727 1001 2792 quam
1025 2717 1057 2772 te
1081 2707 1166 2783 sibi3

110 2811 244 2874 nullum
263 2831 300 2875 se
314 2831 475 2897 umquam
493 2807 684 2894 periculum
696 2828 757 2891 pro
767 2816 824 2870 tua
838 2806 1002 2894 dignitate
1015 2807 1165 2895 fugisse3
1189 2829 1222 2884 ²5

111 2931 192 2974 cum
217 2909 291 2995 ipsa
316 2910 374 2974 illa
400 2909 593 2974 taeterrima
619 2918 712 2993 peste
737 2928 774 2971 se
799 2907 999 2992 saepissime
1024 2929 1084 2992 pro
1109 2918 1167 2973 tua

111 3011 224 3096 gloria
237 3011 473 3083 contendisse,
490 3008 697 3073 tribunatum
712 3027 811 3071 suum
823 3006 868 3071 ad
880 3006 1025 3070 salutem
1039 3028 1165 3083 meam,

102 3116 203 3196 'quae
219 3110 278 3174 tibi
299 3109 475 3175 carissima
500 3109 630 3183 suisset,
650 3107 801 3172 consiliis
825 3106 890 3171 tuis
915 3108 1165 3195 gubernatum

112 3231 150 3274 se
168 3231 187 3274 a
204 3221 237 3275 te
253 3222 371 3295 postea
388 3209 566 3274 defensum
583 3209 618 3272 in
636 3208 788 3293 periculo
805 3206 938 3291 capitis,
958 3207 1110 3294 adjutum
1130 3207 1165 3273 in

113 3309 273 3393 petitione
293 3320 494 3395 praeturae3
523 3308 609 3373 duos
630 3329 666 3372 se
690 3308 816 3372 habere
842 3327 978 3390 semper
1002 3307 1166 3372 amicissi·
1187 3329 1224 3384 30

114 3430 188 3475 mos
211 3429 381 3494 sperasse,
401 3419 434 3474 te
458 3417 515 3472 tuo
534 3408 716 3481 benefici0,
733 3429 788 3470 me
806 3429 880 3471 suo.
932 3404 1033 3492 Quae
1051 3407 1078 3472 si
1096 3429 1165 3473 non

114 3510 283 3593 probaret,
310 3509 337 3573 si
366 3507 425 3573 tibi
457 3508 502 3572 ita
533 3507 667 3594 penitus
695 3507 899 3571 inhaesisset
929 3506 992 3571 ista
1024 3507 1165 3593 suspitio

114 3609 207 3672 nullo
224 3621 259 3672 ut
275 3606 375 3672 evelli
402 3608 502 3672 modo
518 3618 644 3692 posset,
664 3605 690 3672 si
707 3607 854 3694 denique
872 3606 969 3671 Italia
987 3627 1007 3671 a
1024 3607 1162 3684 dilectu,

113 3709 193 3772 urbs
227 3710 271 3773 ab
304 3709 407 3772 armis
439 3708 513 3772 sine
544 3706 685 3771 Milonis
717 3707 816 3772 clade
850 3727 1036 3793 numquam
1076 3719 1166 3774 esset

114 3807 347 3894 conquietura‚
371 3828 414 3872 ne
436 3807 493 3871 ille
518 3807 610 3872 haud
635 3807 794 3871 dubitans
816 3807 974 3871 cessisset
994 3808 1117 3892 patria,
1135 3808 1164 3874 is
1186 3830 1220 3886 35

113 3907 169 3993 qui
191 3907 238 3972 ita
264 3920 362 3971 natus
389 3917 496 3971 estet
522 3905 566 3970 ita
591 3906 787 3982 consuevit:
819 3918 865 3980 te,
883 3905 1029 3992 Magne,
1048 3919 1163 3972 tamen

115 4018 349 4084 antestaretur,
366 4007 458 4094 quod
474 4026 566 4071 nunc
582 4005 684 4070 etiam
700 4003 792 4070 facit.
