2668 4262
197 183 261 272 146
487 185 701 274 Citizenship
724 189 772 273 os
784 185 949 252 Archias.

195 387 368 454 mendatio
400 387 501 452 debet
532 408 619 463 esse,
653 399 688 452 ut
720 408 798 451 eum
830 387 887 473 qui
918 409 992 462 voa,
1026 386 1085 473 qui
1115 395 1252 450 vestros
1319 431 1320 456 2

196 489 429 572 imperatores,
460 487 517 572 qui
550 488 666 572 populi
700 487 851 551 Romani
879 509 933 551 res
965 498 1081 572 gestas
1110 507 1254 570 semper

195 589 340 663 ornavit,
370 587 427 674 qui
460 587 561 651 etiam
595 589 647 652 his
679 589 872 652 recentibus
903 587 1025 652 nostris
1055 587 1253 671 vestrisque

196 687 390 752 domesticis
422 686 582 771 periculis
614 698 790 751 aeternum
815 707 851 750 se
876 686 1105 753 testimonium
1136 685 1254 749 laudis

121 800 124 806 '
164 787 355 855 sdaturum
387 808 463 851 esse
499 787 684 871 profitetur,
715 798 833 873 estque
865 810 909 850 ex
941 809 981 851 eo
1013 807 1161 850 numero
1194 785 1255 871 qui

196 907 333 971 semper
364 887 456 970 apud
487 887 598 950 omnis
630 886 739 951 sancti
771 898 849 951 sunt
873 887 977 952 habiti
1008 887 1123 972 itaque
1154 885 1254 958 dicti,

197 987 247 1051 sic
274 986 307 1049 in
325 998 473 1052 vestram
498 986 675 1071 accipiatis
698 987 815 1060 fidem,
834 998 872 1050 ut
898 985 1108 1050 humanitate
1135 997 1256 1048 vestra

197 1087 330 1151 levatus
354 1086 464 1171 potius
488 1107 590 1172 quam
616 1086 800 1151 acerbitate
815 1087 961 1151 violatus
985 1107 1060 1150 esse
1075 1085 1254 1150 videatur.

197 1203 244 1252 32.
278 1186 380 1270 Qae
411 1187 454 1251 de
486 1207 591 1251 causa
623 1208 684 1272 pro
716 1207 794 1252 mea
825 1185 1069 1252 consuetudine
1100 1185 1258 1250 breviter

148 1305 178 1340 ¹0
199 1287 464 1374 simpliciterque
487 1287 573 1362 dixi,
598 1287 747 1375 judiceS,
774 1304 815 1352 ea
843 1287 978 1352 confido
1002 1287 1146 1372 probata
1176 1307 1256 1350 esse

198 1388 370 1452 omnibus.
435 1386 538 1470 Quae
569 1399 683 1452 autem
710 1401 840 1453 remota
868 1409 888 1452 a
918 1408 995 1452 mea
1021 1386 1255 1475 judicialique

200 1487 458 1562 consuetudine,
477 1489 569 1553 etde
594 1488 741 1553 hominis
759 1488 899 1576 ingenio
916 1499 948 1552 et
964 1487 1193 1552 communiter
1211 1487 1254 1551 de

199 1587 305 1672 ipsius
334 1587 444 1653 studio
469 1589 602 1666 locutus
630 1611 720 1664 sum,
738 1609 792 1665 ea,
816 1589 963 1677 judices,
982 1609 1003 1653 a
1023 1588 1122 1653 vobis
1152 1609 1255 1672 spero

200 1701 275 1752 esne
299 1687 334 1752 in
358 1689 484 1752 bonam
509 1700 640 1774 partem
676 1701 838 1777 accepta3
863 1690 905 1755 ab
930 1709 971 1755 eo
994 1688 1053 1776 qui
1081 1687 1253 1775 judicium

149 1803 178 1860 ις
201 1799 350 1863 exercet,
374 1800 465 1854 certo
490 1789 573 1855 scio.
608 1811 631 1858 b

539 1894 702 1992 ,Latet
741 1915 819 1982 ut
865 1925 965 1990 tata,
