<?xml version="1.0" encoding="UTF-8"?>
<!DOCTYPE html PUBLIC "-//W3C//DTD XHTML 1.0 Transitional//EN"
    "http://www.w3.org/TR/xhtml1/DTD/xhtml1-transitional.dtd">
<html xmlns="http://www.w3.org/1999/xhtml" xml:lang="en" lang="en">
 <head>
  <title>
</title>
<meta http-equiv="Content-Type" content="text/html;charset=utf-8" />
  <meta name='ocr-system' content='tesseract 3.04.00' />
  <meta name='ocr-capabilities' content='ocr_page ocr_carea ocr_par ocr_line ocrx_word'/>
</head>
<body>
  <div class='ocr_page' id='page_1' title='image "./selectorationsc00greegoog_0235.png"; bbox 0 0 2716 4266; ppageno 0'>
   <div class='ocr_carea' id='block_1_1' title="bbox 185 140 1325 252">
    <p class='ocr_par' dir='ltr' id='par_1_1' title="bbox 185 140 1325 252">
     <span class='ocr_line' id='line_1_1' title="bbox 185 140 1325 252; baseline -0.003 -38"><span class='ocrx_word' id='word_1_1' title='bbox 185 151 247 214; x_wconf 86' lang='lat'>208</span> <span class='ocrx_word' id='word_1_2' title='bbox 417 222 420 227; x_wconf 49' lang='grc'>,</span> <span class='ocrx_word' id='word_1_3' title='bbox 535 147 692 234; x_wconf 72' lang='lat' dir='ltr'>Def&#39;ence</span> <span class='ocrx_word' id='word_1_4' title='bbox 715 147 763 234; x_wconf 87' lang='lat' dir='ltr'>os</span> <span class='ocrx_word' id='word_1_5' title='bbox 776 144 880 213; x_wconf 69' lang='lat' dir='ltr'>Mau.</span> <span class='ocrx_word' id='word_1_6' title='bbox 1127 140 1236 212; x_wconf 64' lang='lat' dir='ltr'>[Mfflb</span> <span class='ocrx_word' id='word_1_7' title='bbox 1324 203 1325 252; x_wconf 62' lang='lat' dir='ltr'>l</span> 
     </span>
    </p>
   </div>
   <div class='ocr_carea' id='block_1_2' title="bbox 95 345 1325 3916">
    <p class='ocr_par' dir='ltr' id='par_1_2' title="bbox 95 345 1325 3916">
     <span class='ocr_line' id='line_1_2' title="bbox 181 345 1238 438; baseline -0.006 -23"><span class='ocrx_word' id='word_1_8' title='bbox 181 372 310 437; x_wconf 89' lang='lat' dir='ltr'>vosque</span> <span class='ocrx_word' id='word_1_9' title='bbox 339 351 495 423; x_wconf 88' lang='lat' dir='ltr'>obsecro,</span> <span class='ocrx_word' id='word_1_10' title='bbox 517 349 665 438; x_wconf 86' lang='lat' dir='ltr'>judices,</span> <span class='ocrx_word' id='word_1_11' title='bbox 684 360 720 414; x_wconf 92' lang='lat' dir='ltr'>ut</span> <span class='ocrx_word' id='word_1_12' title='bbox 746 361 859 415; x_wconf 90' lang='lat' dir='ltr'>vestra</span> <span class='ocrx_word' id='word_1_13' title='bbox 881 345 1062 422; x_wconf 90' lang='lat' dir='ltr'>beneficia,</span> <span class='ocrx_word' id='word_1_14' title='bbox 1085 367 1178 433; x_wconf 89' lang='lat' dir='ltr'>quae</span> <span class='ocrx_word' id='word_1_15' title='bbox 1203 345 1238 409; x_wconf 92' lang='lat' dir='ltr'>in</span> 
     </span>
     <span class='ocr_line' id='line_1_3' title="bbox 183 446 1325 540; baseline -0.007 -24"><span class='ocrx_word' id='word_1_16' title='bbox 183 475 236 517; x_wconf 92' lang='lat' dir='ltr'>me</span> <span class='ocrx_word' id='word_1_17' title='bbox 269 452 470 525; x_wconf 82' lang='lat' dir='ltr'><strong>contulistis,</strong></span> <span class='ocrx_word' id='word_1_18' title='bbox 500 462 557 514; x_wconf 92' lang='lat' dir='ltr'>aut</span> <span class='ocrx_word' id='word_1_19' title='bbox 588 451 621 514; x_wconf 94' lang='lat' dir='ltr'>in</span> <span class='ocrx_word' id='word_1_20' title='bbox 655 451 756 537; x_wconf 90' lang='lat' dir='ltr'>hujus</span> <span class='ocrx_word' id='word_1_21' title='bbox 788 451 896 515; x_wconf 89' lang='lat' dir='ltr'>salute</span> <span class='ocrx_word' id='word_1_22' title='bbox 929 447 1098 536; x_wconf 86' lang='lat' dir='ltr'>augeatis,</span> <span class='ocrx_word' id='word_1_23' title='bbox 1117 458 1180 510; x_wconf 87' lang='lat' dir='ltr'>aut</span> <span class='ocrx_word' id='word_1_24' title='bbox 1203 446 1239 509; x_wconf 90' lang='lat' dir='ltr'>in</span> <span class='ocrx_word' id='word_1_25' title='bbox 1324 535 1325 540; x_wconf 8' lang='grc' dir='ltr'>γ</span> 
     </span>
     <span class='ocr_line' id='line_1_4' title="bbox 95 550 932 644; baseline -0.006 -27"><span class='ocrx_word' id='word_1_26' title='bbox 95 555 106 568; x_wconf 83' lang='grc'><strong><em>’</em></strong></span> <span class='ocrx_word' id='word_1_27' title='bbox 181 553 334 641; x_wconf 89' lang='lat' dir='ltr'>ejusdem</span> <span class='ocrx_word' id='word_1_28' title='bbox 360 552 463 616; x_wconf 88' lang='lat' dir='ltr'>exitio</span> <span class='ocrx_word' id='word_1_29' title='bbox 487 571 652 644; x_wconf 81' lang='lat' dir='ltr'>occasura</span> <span class='ocrx_word' id='word_1_30' title='bbox 677 573 752 616; x_wconf 89' lang='lat' dir='ltr'>esse</span> <span class='ocrx_word' id='word_1_31' title='bbox 776 550 932 616; x_wconf 88' lang='lat' dir='ltr'>videatis.</span> 
     </span>
     <span class='ocr_line' id='line_1_5' title="bbox 226 646 1242 717; baseline -0.007 0"><span class='ocrx_word' id='word_1_32' title='bbox 226 673 369 717; x_wconf 88' lang='lat' dir='ltr'>xxxvn.</span> <span class='ocrx_word' id='word_1_33' title='bbox 397 667 453 713; x_wconf 87' lang='lat'>101.</span> <span class='ocrx_word' id='word_1_34' title='bbox 480 651 544 716; x_wconf 90' lang='lat' dir='ltr'>His</span> <span class='ocrx_word' id='word_1_35' title='bbox 576 652 726 716; x_wconf 80' lang='lat' dir='ltr'><strong>lacrimis</strong></span> <span class='ocrx_word' id='word_1_36' title='bbox 750 675 819 716; x_wconf 91' lang='lat' dir='ltr'>non</span> <span class='ocrx_word' id='word_1_37' title='bbox 844 663 998 716; x_wconf 87' lang='lat' dir='ltr'>movetur</span> <span class='ocrx_word' id='word_1_38' title='bbox 1022 647 1121 713; x_wconf 93' lang='lat' dir='ltr'>Milo.</span> <span class='ocrx_word' id='word_1_39' title='bbox 1178 646 1242 711; x_wconf 74' lang='lat' dir='ltr'>Est</span> 
     </span>
     <span class='ocr_line' id='line_1_6' title="bbox 127 748 1325 840; baseline -0.008 -21"><span class='ocrx_word' id='word_1_40' title='bbox 127 781 142 835; x_wconf 81' lang='lat'>5</span> <span class='ocrx_word' id='word_1_41' title='bbox 181 755 329 840; x_wconf 86' lang='lat' dir='ltr'>quodam</span> <span class='ocrx_word' id='word_1_42' title='bbox 355 752 546 817; x_wconf 86' lang='lat' dir='ltr'>incredibili</span> <span class='ocrx_word' id='word_1_43' title='bbox 580 754 700 818; x_wconf 81' lang='lat' dir='ltr'>robore</span> <span class='ocrx_word' id='word_1_44' title='bbox 730 753 846 817; x_wconf 91' lang='lat' dir='ltr'>animi.</span> <span class='ocrx_word' id='word_1_45' title='bbox 893 751 1063 815; x_wconf 82' lang='lat' dir='ltr'>Exsilium</span> <span class='ocrx_word' id='word_1_46' title='bbox 1086 748 1133 812; x_wconf 91' lang='lat' dir='ltr'>ibi</span> <span class='ocrx_word' id='word_1_47' title='bbox 1161 769 1241 812; x_wconf 89' lang='lat' dir='ltr'>esse</span> <span class='ocrx_word' id='word_1_48' title='bbox 1324 775 1325 834; x_wconf 69' lang='lat' dir='ltr'>f</span> 
     </span>
     <span class='ocr_line' id='line_1_7' title="bbox 182 845 1325 939; baseline -0.006 -22"><span class='ocrx_word' id='word_1_49' title='bbox 182 866 287 939; x_wconf 89' lang='lat' dir='ltr'>putat,</span> <span class='ocrx_word' id='word_1_50' title='bbox 315 853 372 918; x_wconf 92' lang='lat' dir='ltr'>ubi</span> <span class='ocrx_word' id='word_1_51' title='bbox 398 853 510 917; x_wconf 89' lang='lat' dir='ltr'>virtuti</span> <span class='ocrx_word' id='word_1_52' title='bbox 534 875 603 918; x_wconf 90' lang='lat' dir='ltr'>non</span> <span class='ocrx_word' id='word_1_53' title='bbox 628 854 669 918; x_wconf 90' lang='lat' dir='ltr'>sit</span> <span class='ocrx_word' id='word_1_54' title='bbox 692 853 809 926; x_wconf 91' lang='lat' dir='ltr'>locus;</span> <span class='ocrx_word' id='word_1_55' title='bbox 847 863 989 917; x_wconf 90' lang='lat' dir='ltr'>mortem</span> <span class='ocrx_word' id='word_1_56' title='bbox 1022 863 1167 915; x_wconf 89' lang='lat' dir='ltr'>naturae</span> <span class='ocrx_word' id='word_1_57' title='bbox 1203 848 1242 911; x_wconf 87' lang='lat' dir='ltr'>fi·</span> <span class='ocrx_word' id='word_1_58' title='bbox 1324 845 1325 850; x_wconf 70' lang='grc'>’</span> 
     </span>
     <span class='ocr_line' id='line_1_8' title="bbox 181 951 1243 1038; baseline -0.006 -20"><span class='ocrx_word' id='word_1_59' title='bbox 181 975 260 1018; x_wconf 88' lang='lat' dir='ltr'>nem</span> <span class='ocrx_word' id='word_1_60' title='bbox 277 975 366 1026; x_wconf 87' lang='lat' dir='ltr'>esse,</span> <span class='ocrx_word' id='word_1_61' title='bbox 385 975 454 1018; x_wconf 90' lang='lat' dir='ltr'>non</span> <span class='ocrx_word' id='word_1_62' title='bbox 473 975 633 1038; x_wconf 84' lang='lat' dir='ltr'>poenam.</span> <span class='ocrx_word' id='word_1_63' title='bbox 682 951 753 1017; x_wconf 87' lang='lat' dir='ltr'>Sed</span> <span class='ocrx_word' id='word_1_64' title='bbox 770 953 826 1017; x_wconf 93' lang='lat' dir='ltr'>hic</span> <span class='ocrx_word' id='word_1_65' title='bbox 843 974 884 1018; x_wconf 90' lang='lat' dir='ltr'>ea</span> <span class='ocrx_word' id='word_1_66' title='bbox 907 964 1020 1016; x_wconf 90' lang='lat' dir='ltr'>mente</span> <span class='ocrx_word' id='word_1_67' title='bbox 1043 972 1111 1038; x_wconf 89' lang='lat' dir='ltr'>qua</span> <span class='ocrx_word' id='word_1_68' title='bbox 1135 961 1243 1014; x_wconf 89' lang='lat' dir='ltr'>natus</span> 
     </span>
     <span class='ocr_line' id='line_1_9' title="bbox 181 1047 1243 1141; baseline -0.006 -23"><span class='ocrx_word' id='word_1_69' title='bbox 181 1068 241 1118; x_wconf 88' lang='lat' dir='ltr'>est.</span> <span class='ocrx_word' id='word_1_70' title='bbox 306 1051 401 1137; x_wconf 68' lang='lat' dir='ltr'>Qid</span> <span class='ocrx_word' id='word_1_71' title='bbox 430 1075 505 1128; x_wconf 78' lang='lat' dir='ltr'>voe,</span> <span class='ocrx_word' id='word_1_72' title='bbox 527 1051 683 1141; x_wconf 83' lang='lat' dir='ltr'>judices?</span> <span class='ocrx_word' id='word_1_73' title='bbox 715 1073 783 1138; x_wconf 93' lang='lat' dir='ltr'>quo</span> <span class='ocrx_word' id='word_1_74' title='bbox 811 1053 949 1117; x_wconf 83' lang='lat' dir='ltr'>tandem</span> <span class='ocrx_word' id='word_1_75' title='bbox 979 1051 1094 1117; x_wconf 89' lang='lat' dir='ltr'>animo</span> <span class='ocrx_word' id='word_1_76' title='bbox 1122 1047 1243 1115; x_wconf 88' lang='lat' dir='ltr'>eritis?</span> 
     </span>
     <span class='ocr_line' id='line_1_10' title="bbox 183 1150 1244 1238; baseline -0.004 -20"><span class='ocrx_word' id='word_1_77' title='bbox 183 1154 389 1219; x_wconf 84' lang='lat' dir='ltr'>Memoriam</span> <span class='ocrx_word' id='word_1_78' title='bbox 415 1152 557 1218; x_wconf 86' lang='lat' dir='ltr'>Milonis</span> <span class='ocrx_word' id='word_1_79' title='bbox 581 1153 779 1228; x_wconf 83' lang='lat' dir='ltr'>retinebitis,</span> <span class='ocrx_word' id='word_1_80' title='bbox 805 1153 917 1238; x_wconf 93' lang='lat' dir='ltr'>ipsum</span> <span class='ocrx_word' id='word_1_81' title='bbox 941 1151 1093 1218; x_wconf 84' lang='lat' dir='ltr'>eicietis?</span> <span class='ocrx_word' id='word_1_82' title='bbox 1117 1165 1152 1216; x_wconf 90' lang='lat' dir='ltr'>et</span> <span class='ocrx_word' id='word_1_83' title='bbox 1177 1150 1244 1216; x_wconf 89' lang='lat' dir='ltr'>erit</span> 
     </span>
     <span class='ocr_line' id='line_1_11' title="bbox 133 1253 1325 1348; baseline -0.004 -28"><span class='ocrx_word' id='word_1_84' title='bbox 133 1290 163 1326; x_wconf 80' lang='lat'>10</span> <span class='ocrx_word' id='word_1_85' title='bbox 182 1255 319 1342; x_wconf 84' lang='lat' dir='ltr'>dignior</span> <span class='ocrx_word' id='word_1_86' title='bbox 335 1255 431 1318; x_wconf 91' lang='lat' dir='ltr'>locus</span> <span class='ocrx_word' id='word_1_87' title='bbox 449 1253 483 1316; x_wconf 94' lang='lat' dir='ltr'>in</span> <span class='ocrx_word' id='word_1_88' title='bbox 501 1253 597 1318; x_wconf 87' lang='lat' dir='ltr'>terris</span> <span class='ocrx_word' id='word_1_89' title='bbox 614 1254 774 1339; x_wconf 85' lang='lat' dir='ltr'>ullus&#39;qui</span> <span class='ocrx_word' id='word_1_90' title='bbox 792 1255 882 1318; x_wconf 91' lang='lat' dir='ltr'>hanc</span> <span class='ocrx_word' id='word_1_91' title='bbox 895 1253 1053 1318; x_wconf 90' lang='lat' dir='ltr'>virtutem</span> <span class='ocrx_word' id='word_1_92' title='bbox 1071 1253 1240 1338; x_wconf 88' lang='lat' dir='ltr'>excipiat,</span> <span class='ocrx_word' id='word_1_93' title='bbox 1324 1309 1325 1348; x_wconf 54' lang='lat'>,</span> 
     </span>
     <span class='ocr_line' id='line_1_12' title="bbox 182 1351 1325 1440; baseline -0.002 -22"><span class='ocrx_word' id='word_1_94' title='bbox 182 1377 285 1440; x_wconf 87' lang='lat' dir='ltr'>quam</span> <span class='ocrx_word' id='word_1_95' title='bbox 303 1355 360 1418; x_wconf 90' lang='lat' dir='ltr'>hic</span> <span class='ocrx_word' id='word_1_96' title='bbox 376 1354 434 1440; x_wconf 92' lang='lat' dir='ltr'>qui</span> <span class='ocrx_word' id='word_1_97' title='bbox 453 1352 664 1438; x_wconf 83' lang='lat' dir='ltr'>procreavit?</span> <span class='ocrx_word' id='word_1_98' title='bbox 710 1351 796 1428; x_wconf 86' lang='lat' dir='ltr'>Vos,</span> <span class='ocrx_word' id='word_1_99' title='bbox 814 1376 876 1418; x_wconf 91' lang='lat' dir='ltr'>vos</span> <span class='ocrx_word' id='word_1_100' title='bbox 893 1355 1044 1440; x_wconf 86' lang='lat' dir='ltr'>appello,</span> <span class='ocrx_word' id='word_1_101' title='bbox 1061 1352 1241 1419; x_wconf 85' lang='lat' dir='ltr'>fortissimi</span> <span class='ocrx_word' id='word_1_102' title='bbox 1324 1371 1325 1380; x_wconf 57' lang='lat'>¹</span> 
     </span>
     <span class='ocr_line' id='line_1_13' title="bbox 182 1453 1241 1542; baseline -0.001 -25"><span class='ocrx_word' id='word_1_103' title='bbox 182 1457 256 1528; x_wconf 86' lang='lat' dir='ltr'>viri,</span> <span class='ocrx_word' id='word_1_104' title='bbox 276 1455 333 1541; x_wconf 92' lang='lat' dir='ltr'>qui</span> <span class='ocrx_word' id='word_1_105' title='bbox 351 1456 495 1518; x_wconf 92' lang='lat' dir='ltr'>multum</span> <span class='ocrx_word' id='word_1_106' title='bbox 515 1476 576 1538; x_wconf 90' lang='lat' dir='ltr'>pro</span> <span class='ocrx_word' id='word_1_107' title='bbox 592 1477 628 1518; x_wconf 90' lang='lat' dir='ltr'>re</span> <span class='ocrx_word' id='word_1_108' title='bbox 654 1454 790 1539; x_wconf 87' lang='lat' dir='ltr'>publica</span> <span class='ocrx_word' id='word_1_109' title='bbox 815 1455 1022 1542; x_wconf 87' lang='lat' dir='ltr'>sanguinem</span> <span class='ocrx_word' id='word_1_110' title='bbox 1046 1453 1241 1520; x_wconf 88' lang='lat' dir='ltr'>effudistis:</span> 
     </span>
     <span class='ocr_line' id='line_1_14' title="bbox 182 1554 1242 1640; baseline 0.002 -24"><span class='ocrx_word' id='word_1_111' title='bbox 182 1577 242 1620; x_wconf 87' lang='lat' dir='ltr'>vos</span> <span class='ocrx_word' id='word_1_112' title='bbox 259 1557 293 1619; x_wconf 94' lang='lat' dir='ltr'>in</span> <span class='ocrx_word' id='word_1_113' title='bbox 311 1555 374 1619; x_wconf 92' lang='lat' dir='ltr'>viri</span> <span class='ocrx_word' id='word_1_114' title='bbox 392 1567 425 1618; x_wconf 92' lang='lat' dir='ltr'>et</span> <span class='ocrx_word' id='word_1_115' title='bbox 440 1555 475 1617; x_wconf 92' lang='lat' dir='ltr'>in</span> <span class='ocrx_word' id='word_1_116' title='bbox 493 1555 576 1619; x_wconf 86' lang='lat' dir='ltr'>civis</span> <span class='ocrx_word' id='word_1_117' title='bbox 596 1555 711 1618; x_wconf 91' lang='lat' dir='ltr'>invicti</span> <span class='ocrx_word' id='word_1_118' title='bbox 729 1555 866 1639; x_wconf 88' lang='lat' dir='ltr'>appello</span> <span class='ocrx_word' id='word_1_119' title='bbox 884 1555 1049 1640; x_wconf 91' lang='lat' dir='ltr'>periculo,</span> <span class='ocrx_word' id='word_1_120' title='bbox 1068 1554 1242 1618; x_wconf 88' lang='lat' dir='ltr'>centurio·</span> 
     </span>
     <span class='ocr_line' id='line_1_15' title="bbox 183 1654 1239 1740; baseline 0.002 -23"><span class='ocrx_word' id='word_1_121' title='bbox 183 1677 256 1729; x_wconf 91' lang='lat' dir='ltr'>nes,</span> <span class='ocrx_word' id='word_1_122' title='bbox 274 1676 403 1740; x_wconf 89' lang='lat' dir='ltr'>vosque</span> <span class='ocrx_word' id='word_1_123' title='bbox 425 1654 568 1719; x_wconf 83' lang='lat' dir='ltr'>milites:</span> <span class='ocrx_word' id='word_1_124' title='bbox 607 1654 703 1719; x_wconf 89' lang='lat' dir='ltr'>vobis</span> <span class='ocrx_word' id='word_1_125' title='bbox 730 1677 797 1718; x_wconf 90' lang='lat' dir='ltr'>non</span> <span class='ocrx_word' id='word_1_126' title='bbox 824 1655 926 1720; x_wconf 93' lang='lat' dir='ltr'>modo</span> <span class='ocrx_word' id='word_1_127' title='bbox 951 1655 1239 1740; x_wconf 60' lang='lat' dir='ltr'>inspectantibus</span> 
     </span>
     <span class='ocr_line' id='line_1_16' title="bbox 135 1753 1241 1842; baseline -0.001 -23"><span class='ocrx_word' id='word_1_128' title='bbox 135 1781 145 1820; x_wconf 87' lang='lat' dir='ltr'>r</span> <span class='ocrx_word' id='word_1_129' title='bbox 151 1781 164 1835; x_wconf 85' lang='lat'><em>3</em></span> <span class='ocrx_word' id='word_1_130' title='bbox 183 1757 241 1819; x_wconf 84' lang='lat' dir='ltr'>serl</span> <span class='ocrx_word' id='word_1_131' title='bbox 267 1755 369 1819; x_wconf 91' lang='lat' dir='ltr'>etiam</span> <span class='ocrx_word' id='word_1_132' title='bbox 390 1753 529 1818; x_wconf 90' lang='lat' dir='ltr'>armatis</span> <span class='ocrx_word' id='word_1_133' title='bbox 547 1767 579 1818; x_wconf 84' lang='lat' dir='ltr'>et</span> <span class='ocrx_word' id='word_1_134' title='bbox 596 1755 675 1819; x_wconf 92' lang='lat' dir='ltr'>huic</span> <span class='ocrx_word' id='word_1_135' title='bbox 695 1755 825 1842; x_wconf 88' lang='lat' dir='ltr'>judicio</span> <span class='ocrx_word' id='word_1_136' title='bbox 842 1755 1130 1839; x_wconf 87' lang='lat' dir='ltr'>praesidentibus,</span> <span class='ocrx_word' id='word_1_137' title='bbox 1149 1755 1241 1818; x_wconf 91' lang='lat' dir='ltr'>haec</span> 
     </span>
     <span class='ocr_line' id='line_1_17' title="bbox 182 1855 1239 1939; baseline 0 -21"><span class='ocrx_word' id='word_1_138' title='bbox 182 1868 274 1919; x_wconf 83' lang='lat' dir='ltr'>tanta</span> <span class='ocrx_word' id='word_1_139' title='bbox 304 1855 408 1920; x_wconf 92' lang='lat' dir='ltr'>virtus</span> <span class='ocrx_word' id='word_1_140' title='bbox 438 1876 481 1916; x_wconf 90' lang='lat' dir='ltr'>ex</span> <span class='ocrx_word' id='word_1_141' title='bbox 511 1855 577 1918; x_wconf 89' lang='lat' dir='ltr'>hac</span> <span class='ocrx_word' id='word_1_142' title='bbox 602 1856 685 1918; x_wconf 89' lang='lat' dir='ltr'>urbe</span> <span class='ocrx_word' id='word_1_143' title='bbox 712 1856 915 1939; x_wconf 86' lang='lat' dir='ltr'>expelletur,</span> <span class='ocrx_word' id='word_1_144' title='bbox 939 1855 1239 1928; x_wconf 81' lang='lat' dir='ltr'>exterminabitur,</span> 
     </span>
     <span class='ocr_line' id='line_1_18' title="bbox 182 1952 1325 2038; baseline 0 -20"><span class='ocrx_word' id='word_1_145' title='bbox 182 1953 386 2038; x_wconf 67' lang='lat' dir='ltr'>proicietur?</span> <span class='ocrx_word' id='word_1_146' title='bbox 432 1971 494 2018; x_wconf 77' lang='lat'>102.</span> <span class='ocrx_word' id='word_1_147' title='bbox 519 1954 550 2018; x_wconf 95' lang='lat' dir='ltr'>O</span> <span class='ocrx_word' id='word_1_148' title='bbox 582 1976 637 2018; x_wconf 89' lang='lat' dir='ltr'>me</span> <span class='ocrx_word' id='word_1_149' title='bbox 669 1953 852 2019; x_wconf 87' lang='lat' dir='ltr'>miserum!</span> <span class='ocrx_word' id='word_1_150' title='bbox 889 1955 923 2019; x_wconf 90' lang='grc' dir='ltr'>Ο</span> <span class='ocrx_word' id='word_1_151' title='bbox 955 1975 1008 2020; x_wconf 91' lang='lat' dir='ltr'>me</span> <span class='ocrx_word' id='word_1_152' title='bbox 1039 1952 1240 2021; x_wconf 83' lang='lat' dir='ltr'>infelicem!</span> <span class='ocrx_word' id='word_1_153' title='bbox 1324 2003 1325 2018; x_wconf 68' lang='grc'><strong>.</strong></span> 
     </span>
     <span class='ocr_line' id='line_1_19' title="bbox 182 2053 1240 2140; baseline -0.003 -22"><span class='ocrx_word' id='word_1_154' title='bbox 182 2054 363 2119; x_wconf 84' lang='lat' dir='ltr'>Revocare</span> <span class='ocrx_word' id='word_1_155' title='bbox 392 2067 427 2118; x_wconf 93' lang='lat' dir='ltr'>tu</span> <span class='ocrx_word' id='word_1_156' title='bbox 457 2076 511 2118; x_wconf 93' lang='lat' dir='ltr'>me</span> <span class='ocrx_word' id='word_1_157' title='bbox 537 2054 571 2118; x_wconf 93' lang='lat' dir='ltr'>in</span> <span class='ocrx_word' id='word_1_158' title='bbox 597 2055 754 2138; x_wconf 86' lang='lat' dir='ltr'>patriam,</span> <span class='ocrx_word' id='word_1_159' title='bbox 779 2053 879 2126; x_wconf 91' lang='lat' dir='ltr'>Milo,</span> <span class='ocrx_word' id='word_1_160' title='bbox 904 2054 1040 2140; x_wconf 88' lang='lat' dir='ltr'>potuisti</span> <span class='ocrx_word' id='word_1_161' title='bbox 1065 2075 1127 2139; x_wconf 89' lang='lat' dir='ltr'>per</span> <span class='ocrx_word' id='word_1_162' title='bbox 1150 2055 1240 2120; x_wconf 83' lang='lat' dir='ltr'>hos:</span> 
     </span>
     <span class='ocr_line' id='line_1_20' title="bbox 182 2152 1240 2240; baseline 0.003 -23"><span class='ocrx_word' id='word_1_163' title='bbox 182 2177 247 2240; x_wconf 87' lang='lat' dir='ltr'>ego</span> <span class='ocrx_word' id='word_1_164' title='bbox 265 2168 296 2219; x_wconf 90' lang='lat' dir='ltr'>te</span> <span class='ocrx_word' id='word_1_165' title='bbox 313 2155 347 2218; x_wconf 94' lang='lat' dir='ltr'>in</span> <span class='ocrx_word' id='word_1_166' title='bbox 367 2155 475 2239; x_wconf 87' lang='lat' dir='ltr'>patria</span> <span class='ocrx_word' id='word_1_167' title='bbox 493 2175 554 2238; x_wconf 87' lang='lat' dir='ltr'>per</span> <span class='ocrx_word' id='word_1_168' title='bbox 570 2155 709 2218; x_wconf 91' lang='lat' dir='ltr'>eosdem</span> <span class='ocrx_word' id='word_1_169' title='bbox 726 2154 871 2219; x_wconf 91' lang='lat' dir='ltr'>retinere</span> <span class='ocrx_word' id='word_1_170' title='bbox 889 2177 956 2218; x_wconf 88' lang='lat' dir='ltr'>non</span> <span class='ocrx_word' id='word_1_171' title='bbox 974 2152 1114 2239; x_wconf 90' lang='lat' dir='ltr'>potero?</span> <span class='ocrx_word' id='word_1_172' title='bbox 1140 2153 1240 2238; x_wconf 70' lang='lat' dir='ltr'>Qid</span> 
     </span>
     <span class='ocr_line' id='line_1_21' title="bbox 133 2253 1241 2339; baseline 0 -22"><span class='ocrx_word' id='word_1_173' title='bbox 133 2271 168 2310; x_wconf 85' lang='lat'>20</span> <span class='ocrx_word' id='word_1_174' title='bbox 182 2254 396 2338; x_wconf 89' lang='lat' dir='ltr'>respondebo</span> <span class='ocrx_word' id='word_1_175' title='bbox 413 2254 528 2318; x_wconf 89' lang='lat' dir='ltr'>liberis</span> <span class='ocrx_word' id='word_1_176' title='bbox 545 2253 642 2327; x_wconf 76' lang='lat' dir='ltr'>meiS,</span> <span class='ocrx_word' id='word_1_177' title='bbox 661 2253 718 2339; x_wconf 92' lang='lat' dir='ltr'>qui</span> <span class='ocrx_word' id='word_1_178' title='bbox 740 2264 772 2318; x_wconf 91' lang='lat' dir='ltr'>te</span> <span class='ocrx_word' id='word_1_179' title='bbox 798 2267 975 2338; x_wconf 89' lang='lat' dir='ltr'>parentem</span> <span class='ocrx_word' id='word_1_180' title='bbox 1002 2255 1146 2318; x_wconf 90' lang='lat' dir='ltr'>alterurn</span> <span class='ocrx_word' id='word_1_181' title='bbox 1176 2277 1241 2339; x_wconf 92' lang='lat' dir='ltr'>pu·</span> 
     </span>
     <span class='ocr_line' id='line_1_22' title="bbox 181 2352 1238 2438; baseline 0 -20"><span class='ocrx_word' id='word_1_182' title='bbox 181 2352 274 2418; x_wconf 88' lang='lat' dir='ltr'>tant?</span> <span class='ocrx_word' id='word_1_183' title='bbox 308 2352 403 2436; x_wconf 70' lang='lat' dir='ltr'>Quid</span> <span class='ocrx_word' id='word_1_184' title='bbox 420 2353 493 2427; x_wconf 93' lang='lat' dir='ltr'>tibi,</span> <span class='ocrx_word' id='word_1_185' title='bbox 513 2352 641 2437; x_wconf 70' lang='lat' dir='ltr'>Quinte</span> <span class='ocrx_word' id='word_1_186' title='bbox 658 2353 773 2428; x_wconf 83' lang='lat' dir='ltr'>frater,</span> <span class='ocrx_word' id='word_1_187' title='bbox 791 2353 849 2438; x_wconf 92' lang='lat' dir='ltr'>qui</span> <span class='ocrx_word' id='word_1_188' title='bbox 866 2373 959 2418; x_wconf 88' lang='lat' dir='ltr'>nunc</span> <span class='ocrx_word' id='word_1_189' title='bbox 976 2354 1072 2428; x_wconf 80' lang='lat' dir='ltr'>abeS,</span> <span class='ocrx_word' id='word_1_190' title='bbox 1087 2353 1238 2418; x_wconf 89' lang='lat' dir='ltr'>consorti</span> 
     </span>
     <span class='ocr_line' id='line_1_23' title="bbox 183 2452 1240 2539; baseline 0.001 -22"><span class='ocrx_word' id='word_1_191' title='bbox 183 2475 317 2518; x_wconf 89' lang='lat' dir='ltr'>mecum</span> <span class='ocrx_word' id='word_1_192' title='bbox 335 2467 526 2539; x_wconf 89' lang='lat' dir='ltr'>temporum</span> <span class='ocrx_word' id='word_1_193' title='bbox 543 2452 701 2518; x_wconf 90' lang='lat' dir='ltr'>illorum?</span> <span class='ocrx_word' id='word_1_194' title='bbox 748 2453 854 2518; x_wconf 89' lang='lat' dir='ltr'>Mene</span> <span class='ocrx_word' id='word_1_195' title='bbox 870 2475 937 2518; x_wconf 91' lang='lat' dir='ltr'>non</span> <span class='ocrx_word' id='word_1_196' title='bbox 962 2454 1111 2538; x_wconf 87' lang='lat' dir='ltr'>potuisse</span> <span class='ocrx_word' id='word_1_197' title='bbox 1131 2453 1240 2518; x_wconf 92' lang='lat' dir='ltr'>Milo-</span> 
     </span>
     <span class='ocr_line' id='line_1_24' title="bbox 183 2554 1239 2639; baseline 0.001 -22"><span class='ocrx_word' id='word_1_198' title='bbox 183 2554 235 2618; x_wconf 91' lang='lat' dir='ltr'>nis</span> <span class='ocrx_word' id='word_1_199' title='bbox 261 2555 405 2618; x_wconf 89' lang='lat' dir='ltr'>salutem</span> <span class='ocrx_word' id='word_1_200' title='bbox 432 2554 518 2618; x_wconf 92' lang='lat' dir='ltr'>tueri</span> <span class='ocrx_word' id='word_1_201' title='bbox 547 2575 608 2638; x_wconf 93' lang='lat' dir='ltr'>per</span> <span class='ocrx_word' id='word_1_202' title='bbox 635 2555 787 2627; x_wconf 90' lang='lat' dir='ltr'>eosdem,</span> <span class='ocrx_word' id='word_1_203' title='bbox 806 2573 867 2637; x_wconf 90' lang='lat' dir='ltr'>per</span> <span class='ocrx_word' id='word_1_204' title='bbox 890 2575 976 2639; x_wconf 91' lang='lat' dir='ltr'>quos</span> <span class='ocrx_word' id='word_1_205' title='bbox 1001 2565 1152 2618; x_wconf 88' lang='lat' dir='ltr'>nostram</span> <span class='ocrx_word' id='word_1_206' title='bbox 1178 2555 1239 2619; x_wconf 91' lang='lat' dir='ltr'>ille</span> 
     </span>
     <span class='ocr_line' id='line_1_25' title="bbox 183 2651 1239 2739; baseline 0 -21"><span class='ocrx_word' id='word_1_207' title='bbox 183 2653 373 2718; x_wconf 86' lang='lat' dir='ltr'>servasset?</span> <span class='ocrx_word' id='word_1_208' title='bbox 413 2653 460 2718; x_wconf 89' lang='lat' dir='ltr'>At</span> <span class='ocrx_word' id='word_1_209' title='bbox 481 2654 515 2717; x_wconf 90' lang='lat' dir='ltr'>in</span> <span class='ocrx_word' id='word_1_210' title='bbox 542 2675 609 2739; x_wconf 94' lang='lat' dir='ltr'>qua</span> <span class='ocrx_word' id='word_1_211' title='bbox 637 2673 742 2717; x_wconf 88' lang='lat' dir='ltr'>causa</span> <span class='ocrx_word' id='word_1_212' title='bbox 769 2675 838 2717; x_wconf 92' lang='lat' dir='ltr'>non</span> <span class='ocrx_word' id='word_1_213' title='bbox 863 2651 1036 2738; x_wconf 88' lang='lat' dir='ltr'>potuisse?</span> <span class='ocrx_word' id='word_1_214' title='bbox 1070 2674 1159 2739; x_wconf 89' lang='lat' dir='ltr'>quae</span> <span class='ocrx_word' id='word_1_215' title='bbox 1184 2666 1239 2718; x_wconf 88' lang='lat' dir='ltr'>est</span> 
     </span>
     <span class='ocr_line' id='line_1_26' title="bbox 135 2751 1237 2841; baseline -0.002 -21"><span class='ocrx_word' id='word_1_216' title='bbox 135 2765 167 2820; x_wconf 88' lang='grc'>25</span> <span class='ocrx_word' id='word_1_217' title='bbox 182 2767 279 2840; x_wconf 83' lang='lat' dir='ltr'>grata</span> <span class='ocrx_word' id='word_1_218' title='bbox 305 2754 465 2841; x_wconf 84' lang='lat' dir='ltr'>gentibus</span> <span class='ocrx_word' id='word_1_219' title='bbox 492 2801 501 2816; x_wconf 86' lang='lat'><strong>.</strong></span> <span class='ocrx_word' id='word_1_220' title='bbox 528 2801 536 2815; x_wconf 90' lang='lat'><strong>.</strong></span> <span class='ocrx_word' id='word_1_221' title='bbox 564 2799 572 2816; x_wconf 83' lang='lat'><strong>.</strong></span> <span class='ocrx_word' id='word_1_222' title='bbox 602 2800 609 2814; x_wconf 93' lang='lat'>.</span> <span class='ocrx_word' id='word_1_223' title='bbox 636 2775 704 2817; x_wconf 93' lang='lat' dir='ltr'>non</span> <span class='ocrx_word' id='word_1_224' title='bbox 736 2751 908 2838; x_wconf 88' lang='lat' dir='ltr'>potuisse?</span> <span class='ocrx_word' id='word_1_225' title='bbox 939 2753 988 2818; x_wconf 89' lang='lat' dir='ltr'>eis</span> <span class='ocrx_word' id='word_1_226' title='bbox 1005 2753 1062 2840; x_wconf 93' lang='lat' dir='ltr'>qui</span> <span class='ocrx_word' id='word_1_227' title='bbox 1083 2753 1237 2818; x_wconf 89' lang='lat' dir='ltr'>maxime</span> 
     </span>
     <span class='ocr_line' id='line_1_27' title="bbox 183 2851 1235 2939; baseline 0 -22"><span class='ocrx_word' id='word_1_228' title='bbox 183 2853 222 2917; x_wconf 92' lang='lat' dir='ltr'>P.</span> <span class='ocrx_word' id='word_1_229' title='bbox 257 2853 357 2919; x_wconf 93' lang='lat' dir='ltr'>Clodi</span> <span class='ocrx_word' id='word_1_230' title='bbox 391 2867 498 2920; x_wconf 90' lang='lat' dir='ltr'>morte</span> <span class='ocrx_word' id='word_1_231' title='bbox 530 2853 750 2939; x_wconf 88' lang='lat' dir='ltr'>acquierunt:</span> <span class='ocrx_word' id='word_1_232' title='bbox 797 2873 864 2938; x_wconf 93' lang='lat' dir='ltr'>quo</span> <span class='ocrx_word' id='word_1_233' title='bbox 896 2851 1124 2939; x_wconf 83' lang='lat' dir='ltr'>deprecante?</span> <span class='ocrx_word' id='word_1_234' title='bbox 1163 2875 1235 2918; x_wconf 65' lang='lat' dir='ltr'>me·</span> 
     </span>
     <span class='ocr_line' id='line_1_28' title="bbox 181 2953 1237 3040; baseline 0.001 -22"><span class='ocrx_word' id='word_1_235' title='bbox 181 2973 243 3018; x_wconf 80' lang='lat'><strong>103.</strong></span> <span class='ocrx_word' id='word_1_236' title='bbox 278 2954 464 3039; x_wconf 67' lang='lat' dir='ltr'>Quodnam</span> <span class='ocrx_word' id='word_1_237' title='bbox 491 2975 558 3040; x_wconf 83' lang='lat' dir='ltr'>ego</span> <span class='ocrx_word' id='word_1_238' title='bbox 586 2953 727 3037; x_wconf 83' lang='lat' dir='ltr'>concepi</span> <span class='ocrx_word' id='word_1_239' title='bbox 758 2965 889 3016; x_wconf 90' lang='lat' dir='ltr'>tantum</span> <span class='ocrx_word' id='word_1_240' title='bbox 916 2954 1042 3028; x_wconf 90' lang='lat' dir='ltr'>scelus,</span> <span class='ocrx_word' id='word_1_241' title='bbox 1061 2967 1119 3018; x_wconf 92' lang='lat' dir='ltr'>aut</span> <span class='ocrx_word' id='word_1_242' title='bbox 1142 2955 1237 3040; x_wconf 93' lang='lat' dir='ltr'>quod</span> 
     </span>
     <span class='ocr_line' id='line_1_29' title="bbox 182 3049 1235 3140; baseline 0 -22"><span class='ocrx_word' id='word_1_243' title='bbox 182 3057 216 3119; x_wconf 93' lang='lat' dir='ltr'>in</span> <span class='ocrx_word' id='word_1_244' title='bbox 243 3076 296 3118; x_wconf 90' lang='lat' dir='ltr'>me</span> <span class='ocrx_word' id='word_1_245' title='bbox 320 3067 449 3118; x_wconf 91' lang='lat' dir='ltr'>tantum</span> <span class='ocrx_word' id='word_1_246' title='bbox 469 3054 600 3118; x_wconf 84' lang='lat' dir='ltr'>facinus</span> <span class='ocrx_word' id='word_1_247' title='bbox 614 3052 750 3128; x_wconf 91' lang='lat' dir='ltr'>admisi,</span> <span class='ocrx_word' id='word_1_248' title='bbox 765 3053 912 3140; x_wconf 75' lang='lat' dir='ltr'>judiceS,</span> <span class='ocrx_word' id='word_1_249' title='bbox 932 3075 1009 3118; x_wconf 90' lang='lat' dir='ltr'>cum</span> <span class='ocrx_word' id='word_1_250' title='bbox 1027 3054 1087 3118; x_wconf 90' lang='lat' dir='ltr'>illa</span> <span class='ocrx_word' id='word_1_251' title='bbox 1106 3049 1235 3119; x_wconf 86' lang='lat' dir='ltr'>indicia</span> 
     </span>
     <span class='ocr_line' id='line_1_30' title="bbox 183 3153 1234 3241; baseline -0.002 -21"><span class='ocrx_word' id='word_1_252' title='bbox 183 3155 374 3220; x_wconf 91' lang='lat' dir='ltr'>communis</span> <span class='ocrx_word' id='word_1_253' title='bbox 403 3154 484 3220; x_wconf 87' lang='lat' dir='ltr'>exiti</span> <span class='ocrx_word' id='word_1_254' title='bbox 510 3153 686 3241; x_wconf 87' lang='lat' dir='ltr'>indagavi,</span> <span class='ocrx_word' id='word_1_255' title='bbox 715 3153 874 3238; x_wconf 81' lang='lat' dir='ltr'>patefeci,</span> <span class='ocrx_word' id='word_1_256' title='bbox 899 3154 1035 3240; x_wconf 92' lang='lat' dir='ltr'>protuli,</span> <span class='ocrx_word' id='word_1_257' title='bbox 1062 3153 1234 3220; x_wconf 85' lang='lat' dir='ltr'>exstinxi?</span> 
     </span>
     <span class='ocr_line' id='line_1_31' title="bbox 132 3253 1229 3339; baseline -0.003 -19"><span class='ocrx_word' id='word_1_258' title='bbox 132 3265 166 3320; x_wconf 88' lang='lat'>30</span> <span class='ocrx_word' id='word_1_259' title='bbox 183 3255 314 3320; x_wconf 91' lang='lat' dir='ltr'>Omnes</span> <span class='ocrx_word' id='word_1_260' title='bbox 332 3255 367 3318; x_wconf 89' lang='lat' dir='ltr'>in</span> <span class='ocrx_word' id='word_1_261' title='bbox 384 3276 438 3318; x_wconf 90' lang='lat' dir='ltr'>me</span> <span class='ocrx_word' id='word_1_262' title='bbox 456 3274 617 3339; x_wconf 90' lang='lat' dir='ltr'>meosque</span> <span class='ocrx_word' id='word_1_263' title='bbox 633 3253 828 3318; x_wconf 90' lang='lat' dir='ltr'>redundant</span> <span class='ocrx_word' id='word_1_264' title='bbox 843 3277 888 3318; x_wconf 87' lang='lat' dir='ltr'>ex</span> <span class='ocrx_word' id='word_1_265' title='bbox 905 3254 995 3320; x_wconf 84' lang='lat' dir='ltr'>sonte</span> <span class='ocrx_word' id='word_1_266' title='bbox 1012 3254 1070 3320; x_wconf 92' lang='lat' dir='ltr'>illo</span> <span class='ocrx_word' id='word_1_267' title='bbox 1083 3254 1229 3320; x_wconf 77' lang='lat' dir='ltr'>dolores</span> 
     </span>
     <span class='ocr_line' id='line_1_32' title="bbox 184 3353 1231 3440; baseline 0.002 -22"><span class='ocrx_word' id='word_1_268' title='bbox 184 3354 277 3440; x_wconf 77' lang='lat' dir='ltr'>Qtd</span> <span class='ocrx_word' id='word_1_269' title='bbox 297 3377 350 3420; x_wconf 91' lang='lat' dir='ltr'>me</span> <span class='ocrx_word' id='word_1_270' title='bbox 368 3356 529 3420; x_wconf 89' lang='lat' dir='ltr'>reducem</span> <span class='ocrx_word' id='word_1_271' title='bbox 547 3376 622 3420; x_wconf 91' lang='lat' dir='ltr'>esse</span> <span class='ocrx_word' id='word_1_272' title='bbox 638 3353 813 3420; x_wconf 88' lang='lat' dir='ltr'>voluistis?</span> <span class='ocrx_word' id='word_1_273' title='bbox 836 3375 882 3419; x_wconf 89' lang='lat' dir='ltr'>an</span> <span class='ocrx_word' id='word_1_274' title='bbox 899 3367 935 3420; x_wconf 92' lang='lat' dir='ltr'>ut</span> <span class='ocrx_word' id='word_1_275' title='bbox 951 3355 1161 3440; x_wconf 86' lang='lat' dir='ltr'>inspectante</span> <span class='ocrx_word' id='word_1_276' title='bbox 1178 3378 1231 3420; x_wconf 88' lang='lat' dir='ltr'>me</span> 
     </span>
     <span class='ocr_line' id='line_1_33' title="bbox 182 3455 1227 3542; baseline 0.002 -23"><span class='ocrx_word' id='word_1_277' title='bbox 182 3457 436 3541; x_wconf 87' lang='lat' dir='ltr'>expellerentur</span> <span class='ocrx_word' id='word_1_278' title='bbox 460 3455 492 3520; x_wconf 92' lang='lat' dir='ltr'>ei</span> <span class='ocrx_word' id='word_1_279' title='bbox 520 3477 582 3540; x_wconf 90' lang='lat' dir='ltr'>per</span> <span class='ocrx_word' id='word_1_280' title='bbox 608 3475 694 3542; x_wconf 86' lang='lat' dir='ltr'>quos</span> <span class='ocrx_word' id='word_1_281' title='bbox 723 3475 833 3520; x_wconf 87' lang='lat' dir='ltr'>essem</span> <span class='ocrx_word' id='word_1_282' title='bbox 862 3455 1055 3521; x_wconf 87' lang='lat' dir='ltr'>restitutus?</span> <span class='ocrx_word' id='word_1_283' title='bbox 1101 3455 1227 3532; x_wconf 91' lang='lat' dir='ltr'>Nolite,</span> 
     </span>
     <span class='ocr_line' id='line_1_34' title="bbox 182 3556 1228 3644; baseline 0 -24"><span class='ocrx_word' id='word_1_284' title='bbox 182 3557 323 3620; x_wconf 88' lang='lat' dir='ltr'>obsecro</span> <span class='ocrx_word' id='word_1_285' title='bbox 342 3579 415 3631; x_wconf 93' lang='lat' dir='ltr'>vos,</span> <span class='ocrx_word' id='word_1_286' title='bbox 435 3557 645 3621; x_wconf 87' lang='lat' dir='ltr'>acerbiorem</span> <span class='ocrx_word' id='word_1_287' title='bbox 665 3556 746 3620; x_wconf 82' lang='lat' dir='ltr'>milri</span> <span class='ocrx_word' id='word_1_288' title='bbox 765 3557 832 3641; x_wconf 91' lang='lat' dir='ltr'>pati</span> <span class='ocrx_word' id='word_1_289' title='bbox 858 3557 1003 3622; x_wconf 89' lang='lat' dir='ltr'>reditum</span> <span class='ocrx_word' id='word_1_290' title='bbox 1021 3577 1110 3632; x_wconf 89' lang='lat' dir='ltr'>esse,</span> <span class='ocrx_word' id='word_1_291' title='bbox 1128 3579 1228 3644; x_wconf 88' lang='lat' dir='ltr'>quam</span> 
     </span>
     <span class='ocr_line' id='line_1_35' title="bbox 182 3654 1228 3742; baseline 0.002 -24"><span class='ocrx_word' id='word_1_292' title='bbox 182 3656 282 3718; x_wconf 89' lang='lat' dir='ltr'>suerit</span> <span class='ocrx_word' id='word_1_293' title='bbox 298 3658 354 3720; x_wconf 89' lang='lat' dir='ltr'>ille</span> <span class='ocrx_word' id='word_1_294' title='bbox 372 3657 445 3740; x_wconf 89' lang='lat' dir='ltr'>ipse</span> <span class='ocrx_word' id='word_1_295' title='bbox 462 3656 645 3720; x_wconf 84' lang='lat' dir='ltr'>discessus.</span> <span class='ocrx_word' id='word_1_296' title='bbox 695 3654 788 3720; x_wconf 88' lang='lat' dir='ltr'>Nam</span> <span class='ocrx_word' id='word_1_297' title='bbox 805 3657 862 3741; x_wconf 91' lang='lat' dir='ltr'>qui</span> <span class='ocrx_word' id='word_1_298' title='bbox 880 3677 1020 3741; x_wconf 88' lang='lat' dir='ltr'>possum</span> <span class='ocrx_word' id='word_1_299' title='bbox 1038 3669 1157 3742; x_wconf 86' lang='lat' dir='ltr'>putare</span> <span class='ocrx_word' id='word_1_300' title='bbox 1177 3679 1228 3720; x_wconf 91' lang='lat' dir='ltr'>me</span> 
     </span>
     <span class='ocr_line' id='line_1_36' title="bbox 133 3754 1227 3842; baseline 0.001 -23"><span class='ocrx_word' id='word_1_301' title='bbox 133 3765 165 3819; x_wconf 82' lang='lat'>35</span> <span class='ocrx_word' id='word_1_302' title='bbox 183 3756 369 3818; x_wconf 90' lang='lat' dir='ltr'>restitutum</span> <span class='ocrx_word' id='word_1_303' title='bbox 391 3774 479 3828; x_wconf 91' lang='lat' dir='ltr'>esse,</span> <span class='ocrx_word' id='word_1_304' title='bbox 498 3754 527 3817; x_wconf 91' lang='lat' dir='ltr'>si</span> <span class='ocrx_word' id='word_1_305' title='bbox 543 3754 714 3818; x_wconf 88' lang='lat' dir='ltr'>distrahar</span> <span class='ocrx_word' id='word_1_306' title='bbox 730 3755 772 3818; x_wconf 90' lang='lat' dir='ltr'>ab</span> <span class='ocrx_word' id='word_1_307' title='bbox 790 3754 856 3830; x_wconf 91' lang='lat' dir='ltr'>his,</span> <span class='ocrx_word' id='word_1_308' title='bbox 874 3776 935 3840; x_wconf 92' lang='lat' dir='ltr'>per</span> <span class='ocrx_word' id='word_1_309' title='bbox 951 3777 1038 3842; x_wconf 89' lang='lat' dir='ltr'>quos</span> <span class='ocrx_word' id='word_1_310' title='bbox 1061 3758 1227 3822; x_wconf 88' lang='lat' dir='ltr'>restitutus</span> 
     </span>
     <span class='ocr_line' id='line_1_37' title="bbox 182 3853 281 3916; baseline 0.01 -1"><span class='ocrx_word' id='word_1_311' title='bbox 182 3853 281 3916; x_wconf 88' lang='lat' dir='ltr'>sum?</span> 
     </span>
    </p>
   </div>
   <div class='ocr_carea' id='block_1_3' title="bbox 0 0 1362 4266">
    <p class='ocr_par' dir='ltr' id='par_1_3' title="bbox 0 0 1362 4266">
     <span class='ocr_line' id='line_1_38' title="bbox 0 0 1362 4266; baseline 0 2"><span class='ocrx_word' id='word_1_312' title='bbox 0 0 1362 4266; x_wconf 95' lang='lat' dir='ltr'> </span> 
     </span>
    </p>
   </div>
  </div>
 </body>
</html>
