2716 4266
212 193 278 258 230
544 171 632 238 Plea
642 173 716 258 sor
737 171 941 260 Lr'gariun
999 236 1006 246 ,
1141 170 1260 244 [chsre

211 374 349 442 doniam
378 375 424 440 ad
455 372 520 440 Cn.
547 373 690 460 Pompei
715 383 827 438 castra
850 373 956 450 venit,
984 372 1019 438 in
1046 394 1125 438 eam
1155 374 1261 460 ipsam

210 496 352 542 causam
366 496 386 540 a
398 496 468 562 qua
480 487 553 540 erat
568 474 715 562 rejectus
731 474 864 562 injuria.
890 491 937 540 aa.
962 472 1080 560 Qud?
1104 495 1188 540 cum
1205 475 1262 538 ista

211 599 266 642 res
283 577 367 640 nihil
381 576 620 640 commovisset
636 575 709 662 ejus
727 577 880 640 animum
898 577 941 640 ad
959 597 1060 662 quern
1078 576 1261 649 veneratis,

211 676 426 765 languidiore
458 677 598 762 (credo)
630 676 741 738 studio
770 675 804 738 in
833 696 938 740 causa
967 675 1097 739 fuistis:
1134 687 1263 738 tantum

157 802 172 859 5
212 778 314 843 modo
338 778 372 840 in
397 776 577 862 praesidiis
601 777 716 849 eratis,
736 776 840 840 animi
865 798 947 841 vero
970 796 990 840 a
1010 795 1117 840 causa
1144 776 1265 839 abhor-

211 877 352 942 rebant:
387 898 445 952 an,
476 888 511 940 ut
541 876 578 940 fit
608 876 644 940 in
677 875 834 941 civilibus
865 876 965 942 bellis
992 921 999 938 .
1029 921 1037 938 .
1066 921 1074 938 .
1105 921 1114 938 .
1142 875 1265 940 necin

211 978 309 1043 vobis
333 978 445 1066 magis
468 999 573 1064 quarn
597 975 632 1040 in
656 977 817 1063 reliquis3
842 999 963 1042 omnes
986 977 1078 1040 enim
1103 975 1265 1040 vincendi

211 1078 323 1143 studio
345 1077 559 1142 tenebamur.
608 1075 711 1142 Pacis
727 1076 886 1162 equidem
903 1097 1037 1162 semper
1059 1089 1184 1142 auctor
1207 1074 1264 1150 fui,

212 1179 360 1244 sedtum
378 1199 475 1244 sero:
508 1189 580 1242 erat
603 1177 695 1243 enim
715 1177 873 1254 amentis,
891 1198 970 1243 cum
987 1175 1097 1240 aciem
1114 1176 1265 1249 videres,

159 1313 192 1354 10
211 1300 333 1364 pacem
351 1279 516 1366 cogitare.
550 1277 695 1352 Omnes,
713 1277 867 1363 inquam,
884 1276 1024 1342 vincere
1039 1275 1266 1342 volebamus:

210 1390 247 1444 tu
272 1390 362 1444 certe
390 1377 589 1463 praecipue,
614 1377 671 1468 qui
697 1376 731 1441 in
761 1399 840 1442 eum
871 1378 986 1462 locum
1017 1397 1181 1451 veneras,
1212 1373 1267 1440 ubi

211 1479 270 1544 tibi
296 1490 386 1544 esset
417 1479 630 1563 pereundum
660 1477 724 1544 nisi
756 1477 910 1544 vicisses.
961 1475 1204 1564 Quamquam,
1234 1485 1268 1540 ut

211 1600 304 1645 nunc
320 1601 357 1644 se
374 1599 430 1644 res
446 1579 561 1653 habet,
580 1600 648 1644 non
665 1578 782 1644 dubito
799 1579 881 1664 quin
899 1580 990 1644 hanc
1006 1578 1155 1643 salutem
1175 1587 1267 1640 ante-

211 1701 322 1766 ponas
352 1679 401 1743 illi
426 1678 597 1744 victoriae.
644 1699 682 1743 x.
707 1697 755 1744 29.
781 1678 880 1744 Haec
904 1700 971 1767 ego
995 1700 1065 1745 non
1097 1679 1263 1750 dicerem,

160 1802 191 1859 ις
211 1780 366 1856 Tubero,
386 1779 415 1844 si
439 1791 498 1844 aut
520 1801 582 1844 vos
606 1779 818 1844 constantiae
842 1791 975 1846 vestrae
1001 1792 1058 1845 aut
1074 1777 1266 1844 Caesarem

45 1945 69 1952 ,.
210 1880 356 1974 benefici
382 1880 434 1944 sui
465 1880 665 1965 paeniteret.
714 1879 820 1944 Nunc
843 1902 972 1967 quaero
995 1894 1107 1946 utrum
1134 1893 1265 1946 vestras

210 1978 352 2068 injurias
369 2000 414 2044 an
430 1979 479 2044 rei
496 1979 655 2066 publicae
672 1980 947 2067 persequamini:
972 1981 1000 2046 si
1017 1979 1066 2046 rei
1088 1981 1264 2065 publicae,

211 2081 293 2167 quid
315 2080 358 2144 de
382 2093 494 2144 vestra
520 2080 555 2144 in
580 2079 638 2145 illa
664 2102 768 2146 causa
798 2081 1052 2167 perseverantia
1077 2081 1265 2168 responde-

210 2178 310 2244 bitis?
342 2179 370 2244 si
386 2192 528 2256 vestras,
547 2181 658 2246 videte
676 2203 719 2246 ne
743 2182 874 2258 erretis,
892 2183 951 2269 qui
975 2181 1163 2248 Caesarem
1192 2204 1266 2248 ves-

159 2297 194 2338 ao
213 2281 270 2345 tris
287 2280 433 2346 inimicis
449 2280 571 2345 iratum
589 2280 661 2346 sore
678 2283 814 2366 putetiS,
834 2304 911 2348 cum
930 2283 1100 2371 ignoverit
1117 2283 1204 2350 suis.

257 2381 376 2468 Itaque
401 2403 482 2446 num
500 2381 559 2446 tibi
572 2382 690 2448 videor
705 2386 739 2448 in
754 2404 859 2450 causa
876 2382 997 2471 Ligari
1015 2407 1092 2452 esse
1114 2406 1265 2473 occupa-

211 2480 286 2546 tus?
317 2503 399 2546 num
426 2483 468 2580 de
500 2481 573 2570 ejus
604 2483 695 2549 facto
725 2483 862 2550 dicere?
910 2483 1086 2572 Qicquid
1114 2487 1203 2562 dixi,
1222 2487 1264 2550 ad

210 2604 314 2646 unam
338 2603 507 2648 summam
534 2583 650 2648 referri
673 2585 763 2656 volo,
783 2586 837 2650 vel
863 2586 1096 2662 humanitatis,
1115 2588 1169 2652 vel
1198 2588 1265 2654 cle·

212 2684 372 2760 mentiae,
389 2685 444 2750 vel
462 2685 715 2752 misericordiae
735 2699 825 2752 tuae.
874 2705 922 2752 ao.
946 2687 1093 2763 Causas,
1115 2687 1261 2762 Caesar,

158 2793 191 2849 25
211 2785 268 2873 egi
294 2787 416 2851 multas
433 2787 591 2874 equidem
610 2799 736 2863 tecum,
755 2789 836 2854 dum
853 2801 885 2854 te
903 2790 937 2853 in
954 2788 1028 2855 soro
1051 2789 1159 2854 tenuit
1178 2789 1263 2854 ratio

212 2888 378 2953 honorum
404 2901 551 2959 tuorum.
570 2901 660 2954 certe
678 2912 865 2976 numquam
884 2892 949 2955 hoc
966 2890 1089 2955 modo:
1117 2889 1262 2974 ‘Ignos-

211 2987 289 3061 cite,
303 2988 457 3075 judices:
483 2990 619 3064 erravit,
638 2991 755 3074 lapsus
781 3003 843 3065 est,
862 3013 930 3055 non
960 2989 1109 3075 putavit3
1134 2989 1162 3054 si
1189 3011 1262 3054 urn-

211 3109 313 3174 quam
328 3091 471 3174 posthac
481 3092 533 3139 '-
544 3091 586 3156 ad
601 3104 774 3174 parentem
790 3090 839 3156 sic
852 3091 908 3176 agi
923 3090 1029 3156 solet:
1054 3090 1099 3154 ad
1111 3089 1259 3176 judices,

213 3190 316 3256 ‘Non
334 3192 425 3266 fecit,
444 3215 511 3256 non
529 3192 711 3278 cogitavit:
736 3191 812 3256 salsi
830 3203 945 3265 testes,
963 3191 1079 3254 fictum
1104 3189 1260 3256 crimem’

159 3301 196 3356 3⁰
213 3291 339 3365 Dicte,
358 3292 502 3366 Caesar,
522 3293 564 3357 de
582 3292 671 3356 sacto
696 3291 816 3379 Ligari
838 3290 989 3379 judicem
1013 3311 1112 3378 esse;
1136 3290 1258 3375 quibus

211 3391 245 3456 in
278 3394 456 3476 praesidiis
488 3393 588 3458 suerit
612 3413 759 3478 quaere:
795 3403 906 3463 taceo,
928 3411 970 3456 ne
1003 3392 1090 3456 haec
1121 3391 1257 3476 quidem

211 3493 362 3579 conligo,
388 3515 476 3579 quae
501 3493 643 3558 sortasse
667 3493 821 3556 valerent
844 3492 945 3556 etiarn
972 3491 1064 3574 apud
1085 3490 1256 3577 judicem:

213 3591 389 3678 ‘Legatus
407 3603 484 3656 ante
501 3592 628 3656 bellurn
647 3592 830 3675 prosectuS,
850 3592 987 3654 relictus
1003 3591 1037 3654 in
1055 3610 1155 3674 pace,
1170 3590 1257 3654 bello

210 3711 407 3773 oppressus,
426 3690 460 3753 in
478 3711 519 3753 eo
535 3689 608 3772 ipso
626 3711 692 3752 non
711 3691 869 3762 acerbus,
883 3689 955 3775 jam
974 3700 1025 3754 est
1040 3700 1129 3754 totus
1145 3689 1256 3754 animo

161 3801 195 3858 35
211 3808 251 3850 ac
278 3788 388 3850 studio
413 3787 515 3851 tuus.'
561 3786 618 3851 Ad
639 3788 790 3872 judicem
819 3787 880 3862 sic,
900 3788 960 3852 sed
988 3809 1055 3873 ego
1083 3789 1176 3872 apud
1200 3809 1256 3873 pa·

210 3896 341 3948 rentem
372 3885 512 3970 loquor:
547 3884 719 3959 ‘Erravit,
738 3896 865 3954 temere
893 3885 985 3959 fecit,
1012 3887 1183 3972 paenitet:
1216 3888 1256 3954 ad
