2714 4266
93 178 238 248 xu1.38,]
289 177 360 244 His
383 175 559 264 ⁶Qualities
583 178 619 242 in
643 177 952 244 Admtm’stranbn.
1106 195 1145 262 71

92 380 280 455 misissent,
299 401 395 466 spem
414 378 594 445 deditionis
610 401 680 444 non
701 377 838 454 ademit,
857 379 1062 466 obsidesque
1086 381 1149 444 im-

92 483 240 568 peravit.
290 480 341 544 Ita
382 492 513 544 tantum
554 481 697 554 bellum,
730 491 799 544 tam
836 480 1046 554 diuturnum,
1079 492 1148 544 tam

93 585 199 669 longe
224 581 358 668 lateque
383 581 589 664 dispersum,
614 603 681 667 quo
705 581 795 646 bello
819 603 939 646 omnes
963 594 1083 670 gentes
1108 603 1149 646 ac

91 683 252 746 nationes
280 681 535 766 premebantur,
558 679 625 746 Cn.
649 679 833 766 Pompeius
858 695 1011 747 extrema
1036 683 1148 748 hieme

92 781 288 868 apparavit,
315 781 452 846 ineunte
476 801 557 846 vere
583 779 745 867 suscepit,
772 782 886 846 media
913 795 1041 849 aestate
1069 806 1150 850 con·
1179 809 1194 864 5

91 869 234 966 fecit&

140 1003 222 1048 x111.
246 1000 294 1048 ao.
317 981 380 1048 Est
407 982 494 1046 baec
521 980 638 1048 divina
671 992 773 1068 atque
803 983 1013 1052 incredibilis
1043 981 1150 1050 virtus

91 1083 322 1171 imperatoris.
388 1079 484 1168 Quid
523 1093 669 1156 ceterae,
703 1101 790 1167 quas
822 1083 925 1166 paulo
953 1095 1031 1148 ante
1059 1105 1152 1148 com-

93 1206 288 1250 memorare
301 1203 497 1268 coeperam,
511 1193 659 1269 quantae
673 1193 774 1267 atque
787 1203 890 1267 quam
909 1184 1035 1248 multae
1053 1182 1151 1248 sunt?

93 1283 179 1350 Non
196 1285 288 1350 enim
304 1283 458 1350 bellandi
474 1281 580 1347 virtus
597 1282 708 1346 solum
725 1281 760 1344 in
777 1303 912 1346 summo
937 1304 977 1347 ac
1001 1284 1151 1369 perfecto
1166 1310 1197 1347 ro

92 1387 303 1471 imperatore
322 1383 521 1470 quaerenda
540 1393 602 1456 est,
621 1382 682 1446 sed
700 1382 826 1446 multae
844 1393 922 1447 sunt
938 1395 1027 1448 artes
1044 1384 1152 1448 exim·

93 1487 153 1552 iae
167 1485 268 1574 hujus
281 1483 502 1581 administrae
516 1481 724 1567 comitesque
738 1481 880 1547 virtutis.
921 1481 976 1548 Ac
990 1483 1151 1568 primurn,

93 1598 227 1674 quanta
255 1583 449 1651 innocentia
479 1581 604 1647 debent
634 1602 710 1646 esse
742 1580 987 1666 imperatores?
1025 1596 1153 1670 quanta

95 1686 224 1751 deinde
248 1685 283 1748 in
307 1683 466 1750 omnibus
494 1683 596 1746 rebus
623 1680 871 1765 temperantia?
908 1695 1035 1769 quanta
1063 1683 1152 1749 fide?

96 1799 229 1873 quanta
259 1782 443 1868 facilitate?
477 1795 606 1869 quanto
637 1779 799 1868 ingenio?
836 1795 963 1868 quanta
996 1784 1197 1862 humani-15

98 1876 220 1999 tateJs
239 1883 339 1969 Qae
356 1883 503 1948 breviter
519 1882 634 1967 qualia
651 1881 767 1946 sintin
783 1880 849 1946 Cn.
867 1882 1032 1968 Pompeio
1044 1885 1155 1949 consi-

99 1987 281 2052 deremus:
315 2004 450 2050 summa
474 1983 566 2047 enim
590 1981 706 2046 omnia
731 1994 820 2057 sunt,
843 1981 1008 2065 Quirites,
1031 1985 1092 2048 sed
1113 2006 1155 2048 ea

102 2087 215 2176 magis
231 2108 276 2151 ex
292 2086 436 2149 aliorum
455 2081 669 2148 contentione
686 2103 790 2168 quam
815 2081 890 2167 ipsa
915 2105 975 2169 per
1000 2105 1075 2150 sese
1099 2105 1155 2148 co-

100 2187 222 2278 gnosci
236 2198 336 2273 atque
350 2183 503 2270 intellegi
516 2194 669 2267 possunt.
707 2198 752 2245 37.
777 2181 893 2267 Quem
904 2184 995 2246 enim
1009 2183 1157 2269 impera-

100 2303 209 2355 torem
227 2307 409 2372 possumus
426 2284 497 2348 ullo
513 2283 548 2347 in
565 2303 708 2346 numero
726 2296 858 2368 putare,
878 2283 974 2370 cujus
999 2283 1033 2347 in
1058 2305 1156 2348 exer·
1170 2310 1199 2344 20

101 2390 170 2456 citu
190 2385 397 2453 centuriatus
417 2395 566 2446 veneant
585 2395 686 2469 atque
709 2382 897 2447 venierint?
945 2381 1039 2467 Qid
1065 2385 1156 2448 hunc

100 2489 277 2556 bominem
295 2505 461 2572 magnum
480 2495 537 2546 aut
554 2482 707 2566 amplum
725 2484 767 2547 de
784 2505 821 2547 re
839 2483 975 2568 publica
989 2483 1154 2572 cogitare,

100 2589 160 2677 qui
199 2585 395 2673 pecuniam,
430 2604 474 2647 ex
512 2581 644 2646 aerario
682 2583 919 2668 depromptam
952 2584 996 2648 ad
1028 2584 1155 2647 bellum

101 2687 425 2760 administrandum,
452 2694 509 2748 aut
537 2695 674 2767 propter
706 2683 925 2767 cupiditatem
959 2684 1155 2768 provinciae

100 2788 359 2877 magistratibus
383 2783 547 2857 diviserit,
572 2793 630 2846 aut
652 2794 790 2868 propter
818 2783 994 2847 avaritiam
1021 2783 1155 2850 Romae
1171 2810 1199 2860 ²5

101 2891 138 2955 in
168 2900 312 2976 quaestu
344 2882 539 2971 reliquerit?
600 2881 725 2946 Vestra
758 2883 1026 2949 admurmuratio
1061 2883 1153 2960 facit,

102 2989 270 3074 Quirites,
300 2997 337 3051 ut
365 3003 553 3072 agnoscere
581 2981 766 3047 videamini
792 2982 849 3069 qui
879 2983 964 3048 haec
994 2983 1154 3048 fecerint:

101 3111 169 3178 ego
186 3099 300 3153 autem
317 3085 457 3150 nomino
473 3082 668 3155 neminem3
693 3103 761 3168 qua
778 3105 814 3146 re
832 3082 933 3147 irasci
952 3083 1034 3147 mihi
1054 3106 1156 3149 nemo

102 3189 237 3277 poterit,
255 3187 320 3252 nisi
340 3185 397 3272 qui
423 3194 500 3248 ante
525 3183 567 3247 de
592 3203 628 3246 se
652 3181 797 3248 voluerit
820 3183 986 3248 confiteri.
1036 3185 1156 3273 ltaque

102 3303 242 3377 propter
262 3290 353 3352 hanc
375 3283 552 3349 avaritiam
578 3282 820 3367 imperatorum
846 3297 992 3370 quantas
1016 3286 1157 3350 calami·
1171 3309 1202 3358 30

101 3402 200 3465 tates,
226 3406 442 3476 quocumque
466 3395 605 3448 ventum
631 3395 692 3457 est,
717 3384 821 3448 nostri
850 3385 1019 3450 exercitus
1048 3386 1157 3458 ferant

103 3491 180 3578 quis
207 3484 364 3576 ignorat?
409 3501 455 3548 aa.
479 3483 604 3548 Itinera
633 3505 721 3570 quae
754 3505 814 3568 per
845 3484 949 3550 hosce
982 3507 1089 3551 annos
1121 3485 1156 3549 in

105 3590 203 3656 Italia
220 3610 280 3674 per
297 3607 400 3674 agros
417 3598 517 3671 atque
534 3583 661 3669 oppida
679 3583 805 3647 civium
823 3584 1060 3649 Romanorum
1079 3609 1156 3650 nos-

106 3689 146 3756 tri
161 3690 384 3775 imperatores
401 3683 544 3750 fecerint
560 3683 810 3748 recordamini:
835 3696 906 3749 tum
932 3685 1066 3751 facilins
1091 3699 1157 3752 sta·

104 3790 204 3856 tuetis
235 3788 317 3876 quid
348 3786 440 3872 apud
472 3797 608 3849 exteras
644 3783 800 3849 nationes
836 3785 908 3849 fieri
943 3786 1153 3852 existimetis.
1173 3810 1205 3862 35

106 3889 230 3958 Utrum
261 3887 368 3974 pluris
400 3883 609 3950 arbitramini
642 3905 704 3968 per
735 3885 840 3950 hosce
872 3906 980 3950 annos
1013 3885 1156 3951 militum
