2716 4266
92 231 135 271 V1·
163 219 227 290 16·]
294 269 298 274 -
322 219 429 288 Falce
457 219 615 309 Charges
637 223 779 310 against
807 219 940 288 Cicero.
1094 240 1156 310 241

97 421 301 509 judicium3
327 421 400 488 sive
423 423 483 487 uni
508 423 637 509 gratias
662 423 825 512 agebant,
853 441 895 488 eo
921 422 1052 511 majus3
1087 422 1159 489 sive

91 537 300 610 utrumque,
320 523 404 587 nihil
423 524 699 609 magnificentius
715 523 859 610 cogitari
876 535 995 608 potest.

90 663 94 668 -
145 623 232 688 ‘Tu
256 624 360 710 igitur
376 624 449 709 ipse
468 625 510 687 de
527 621 601 686 te?'
617 624 740 687 dixerit
756 624 937 708 quispiam.
988 621 1157 711 Equidem

92 723 244 798 invitus,
266 724 494 812 sed‘injuriae
523 723 732 787 dolorssacit
763 745 818 786 me
851 737 984 807 praeter
1016 745 1159 787 consue-

91 825 258 888 tudinem
291 825 492 912 gloriosum.
543 822 670 888 Nonne
691 823 783 886 'satis
815 837 865 887 est
893 824 936 887 ab
966 823 1157 888 hominibus
1175 855 1190 910 ς

94 924 238 990 virtutis
261 926 391 1014 ignaris
410 924 556 1013 gratiam
573 924 671 987 'bene
696 922 904 988 merentibus
927 945 995 988 non
1020 922 1158 988 referri?

92 1023 220 1089 Etiam
247 1026 281 1090 in
304 1045 365 1091 eos
391 1026 448 1111 qui
478 1024 591 1090 omnis
619 1045 701 1088 suas
729 1041 830 1088 curas
857 1023 891 1086 in
920 1023 968 1088 rei
1000 1023 1158 1108 publicae

93 1125 218 1189 salute
240 1126 407 1213 defigunt,
426 1123 615 1210 impietatis·
635 1124 779 1189 crimine
803 1123 931 1188 invidia
955 1119 1159 1210 quaeretur?

94 1241 142 1288 14.
164 1224 270 1291 Scitis
286 1226 377 1290 enim
399 1245 461 1310 per
478 1227 539 1289 hos
556 1225 630 1290 dies
647 1224 893 1290 creberrimum
911 1225 1014 1290 fuisse
1031 1245 1158 1290 sermo·

95 1349 200 1399 nem,
226 1347 281 1390 me
305 1325 487 1399 Parilibus,
506 1325 565 1412 qui
589 1326 663 1390 dies
689 1325 791 1390 hodie
815 1337 879 1399 est,
904 1345 983 1390 cum
1008 1324 1158 1390 fascibus
1178 1363 1211 1403 ,ο

94 1429 365 1496 descensurum.
415 1425 456 1488 ln
473 1427 621 1511 aliquem
635 1428 825 1492 credo-hoc
850 1426 1075 1514 gladiatorem
1101 1437 1160 1490 aut

96 1528 273 1592 latronem
291 1538 348 1591 aut
364 1524 549 1591 Catilinam
567 1547 643 1590 esse
661 1528 848 1596 conlatum,
868 1549 935 1591 non
953 1527 987 1591 in
1006 1549 1083 1591 eum
1100 1526 1159 1613 qui

95 1649 145 1692 ne
164 1625 248 1714 quid
265 1627 332 1691 tale
345 1627 379 1689 in
394 1647 429 1689 re
444 1625 580 1710 publica
595 1627 666 1690 fieri
682 1637 797 1712 posset
812 1626 975 1692 effecerit.
1009 1626 1066 1691 An
1085 1625 1155 1714 [ut]

96 1749 186 1814 ego,
205 1725 263 1813 qui
287 1724 470 1791 Catilinam
498 1726 585 1790 haec
609 1727 805 1791 molientem
830 1726 1037 1800 sustulerim,
1064 1747 1159 1791 ever·

96 1831 217 1900 terim,
247 1825 449 1897 adflixerim,
477 1825 550 1909 ipse
583 1828 782 1893 exsisterem
814 1840 954 1912 repente
986 1825 1159 1892 Catilina?
1180 1861 1210 1915 ¹5

99 1926 245 2012 Quibus
262 1924 422 2012 auspiciis
440 1926 521 1991 istos
538 1926 641 1992 fascis
659 1948 771 2014 augur
795 1927 1011 2013 acciperem?
1042 1940 1160 2015 quate-

97 2050 170 2092 nus
205 2027 390 2093 haberem?
424 2026 478 2092 cui
510 2028 705 2093 traderem?
753 2027 1021 2116 Quemquamne
1053 2029 1157 2093 fuisse

98 2139 173 2192 tam
205 2129 407 2192 sceleratum
436 2126 494 2213 qui
524 2129 589 2193 hoc
620 2129 778 2216 lingeret,
809 2127 878 2194 tam
907 2128 1072 2195 furiosum
1100 2130 1158 2216 qui

99 2227 281 2294 crederet?
328 2228 430 2294 Unde
455 2226 560 2314 igitur
583 2229 646 2293 ista
671 2229 827 2315 suspitio,
853 2230 906 2295 vel
932 2231 1042 2316 potius
1067 2231 1158 2294 unde

100 2329 167 2394 iste
200 2325 334 2393 sermo?
381 2347 429 2392 v1.
456 2345 496 2392 15.
527 2327 633 2403 Cum,
660 2343 696 2394 ut
729 2331 833 2402 scitis,
861 2331 926 2396 hoc
958 2331 1069 2395 triduo
1102 2331 1157 2394 vel
1178 2353 1213 2393 20

99 2429 296 2514 quadriduo
314 2429 419 2493 tristis
435 2450 454 2493 a
473 2429 608 2493 Mutina
627 2429 719 2494 sama
746 2443 912 2506 manaret,
930 2431 1036 2495 inflati
1062 2430 1159 2494 laeti-

100 2531 149 2592 tia
176 2539 276 2614 atque
301 2528 479 2594 insolentia
504 2529 598 2614 impii
629 2530 721 2594 cives
753 2552 859 2594 unum
893 2552 929 2596 se
961 2530 995 2612 in
1029 2531 1156 2603 locum,

101 2631 148 2694 ad
175 2629 267 2692 illam
293 2630 421 2692 curiam
448 2629 542 2694 furiis
568 2630 678 2714 potius
703 2630 773 2695 suis
797 2652 900 2717 quam
926 2631 974 2695 rei
1000 2631 1158 2716 publicae

100 2727 276 2792 infelicem
302 2731 572 2814 congregabant.
624 2729 674 2795 Ibi
701 2751 779 2795 cum
804 2731 946 2796 consilia
968 2731 1093 2795 inirent
1114 2731 1158 2796 de

102 2827 212 2892 caede
237 2840 362 2902 nostra,
382 2830 655 2917 partirenturque
680 2832 767 2896 inter
790 2853 827 2896 se
850 2832 908 2919 qui
933 2830 1156 2917 Capitolium,
1178 2847 1212 2904 25

102 2928 161 3014 qui
180 2940 300 2999 rostra,
319 2929 375 3014 qui
393 2929 484 2994 urbis
502 2943 615 3017 portas
631 2945 853 3017 occuparent,
874 2933 916 2998 ad
936 2955 989 2996 me
1013 2953 1158 2997 concur-

104 3049 180 3092 sum
199 3027 346 3091 futurum
364 3029 508 3095 civitatis
526 3035 702 3116 putabant.
754 3031 859 3118 Quod
876 3045 913 3098 ut
929 3055 1006 3098 cum
1028 3033 1157 3097 invidia

104 3149 182 3192 mea
199 3128 306 3200 fieret,
325 3139 358 3193 et
382 3149 460 3193 cum
486 3131 575 3196 vitae
600 3134 701 3196 etiam
720 3134 886 3217 periculo,
904 3133 1031 3198 famam
1057 3133 1156 3198 istam

103 3228 248 3292 fascium
274 3228 545 3314 dissipaverunt:
572 3232 675 3296 fascis
693 3232 755 3317 ipsi
775 3237 818 3297 ad
836 3255 891 3299 me
916 3233 1058 3299 delaturi
1084 3234 1157 3297 sue-

105 3340 191 3392 runt.
241 3326 345 3412 Qod
371 3351 448 3394 cum
476 3343 566 3396 esset
591 3333 687 3418 quasi
715 3353 791 3398 mea
818 3335 991 3399 voluntate
1014 3333 1153 3408 sactum,
1176 3351 1212 3405 30

103 3441 173 3492 tum
203 3426 237 3490 in
265 3449 319 3492 me
347 3429 494 3515 impetus
524 3434 769 3496 conductorum
797 3434 972 3498 hominum
998 3433 1095 3520 quasi
1120 3433 1156 3497 in

105 3542 286 3614 tyranuum
302 3533 506 3613 parabatur:
532 3553 575 3595 ex
592 3553 661 3617 quo
678 3534 802 3597 caedes
819 3544 909 3598 esset
921 3545 1068 3598 vestrum
1084 3555 1155 3597 om·

104 3628 197 3690 nium
216 3643 413 3694 consecula.
447 3630 551 3716 Qae
568 3637 622 3696 res'
640 3632 810 3716 patefecit,
829 3645 942 3717 patres
960 3633 1154 3718 conscripti,

105 3728 163 3792 sed
181 3747 243 3792 suo
260 3742 411 3812 tempore
429 3731 527 3794 totius
546 3731 646 3819 hujus
664 3732 802 3797 sceleris
820 3733 895 3797 sons
912 3734 1092 3819 aperietur.

146 3845 188 3893 lo.
222 3828 343 3915 Itaque
377 3829 417 3893 P.
452 3828 633 3914 Apuleius,
666 3831 821 3896 tribunus
853 3834 973 3917 plebis,
1002 3855 1155 3897 meorum
1175 3852 1210 3908 35

104 3928 254 3994 omnium
281 3928 500 3994 consiliorum
525 3929 824 4017 periculorumque
844 3931 917 4019 jam
941 3932 1021 3997 inde
1039 3952 1058 3995 a
1075 3951 1157 3996 con·

615 4039 646 4092 16
