2716 4266
198 213 261 259 212
456 193 527 260 The
549 193 694 260 Pardon
719 192 987 280 cffiMarcellus.
1128 189 1246 261 [MARC
1344 285 1345 288 Ἴ

196 396 349 481 gentium
382 395 760 480 potentissimorumque
792 394 1010 479 populorum,
1041 393 1158 458 omnis
1181 394 1248 458 clas
1344 431 1345 436 κ

196 495 406 558 tissimorum
420 515 539 580 regum
559 516 612 558 res
633 507 760 580 gestas
779 515 857 558 cum
883 496 947 558 tuis
972 513 1037 557 nec
1060 493 1250 558 contentio·
1344 515 1345 568 ζ

197 617 278 658 num
297 594 531 680 magnitudine
549 615 613 658 nec
627 617 768 658 numero
786 596 990 680 proeliorum
1007 614 1070 658 nec
1085 595 1249 658 varietate
1344 651 1345 656 ,

197 695 375 780 regionum
394 715 457 758 nec
474 695 644 759 celeritate
662 696 864 760 conficiendi
884 717 947 760 nec
972 694 1251 758 dissimilitudine

196 795 362 858 bellorum
403 816 503 879 posse
542 797 708 870 conferri3
753 818 818 861 nec
850 818 931 861 vero
962 792 1251 882 disjunctissimas

195 910 302 960 terras
330 895 428 960 citius
461 897 617 981 passibus
646 897 847 984 cujusquam
877 897 1028 982 potuisse
1053 893 1251 982 peragrari,

196 1018 299 1083 quam
326 997 391 1060 tuis
418 1019 485 1061 non
506 999 618 1061 dicam
641 999 810 1072 cursibus
830 999 890 1062 sed
907 996 1055 1062 victoriis
1085 996 1253 1060 lustratae
1344 1011 1345 1056 t

197 1112 285 1162 sunt.
334 1115 362 1160 s.
384 1097 485 1182 Quae
502 1099 640 1184 quidem
658 1117 725 1186 ego
742 1099 806 1162 nisi
824 1100 1015 1185 ita-magna
1032 1118 1107 1162 esse
1125 1096 1252 1169 fatear,

197 1212 233 1264 ut
248 1220 289 1263 ea
307 1201 364 1263 vix
380 1199 582 1286 cujusquam
601 1219 699 1262 mens
714 1211 772 1262 aut
792 1199 953 1286 cogitatio
978 1219 1101 1282 capere
1127 1194 1253 1281 possit,

145 1326 177 1366 ιο
197 1321 316 1364 amens
332 1301 417 1364 sim:
444 1299 504 1363 sed
519 1311 635 1362 tamen
653 1310 731 1362 sunt
747 1299 815 1362 alia
840 1299 982 1386 majora.
1033 1296 1126 1361 Nam
1153 1296 1256 1360 belli·

197 1421 256 1464 cas
286 1401 404 1465 laudes
433 1400 544 1464 solent
571 1399 710 1485 quidam
744 1411 930 1463 extenuare
962 1398 1088 1473 verbis,
1120 1417 1254 1482 easque

197 1503 375 1566 detrahere
393 1501 549 1572 ducibus,
570 1499 824 1564 communicare
849 1521 928 1563 cum
954 1500 1081 1572 multiS,
1102 1518 1147 1562 ne
1172 1519 1255 1582 pro-

198 1601 292 1686 priae
325 1601 390 1664 sint
421 1601 676 1684 imperatorum.
726 1599 771 1663 Et
798 1610 889 1664 certe
913 1599 947 1662 in
973 1600 1077 1663 armis
1103 1597 1253 1660 militum

198 1703 315 1774 virtue,
329 1701 480 1764 locorum
498 1699 745 1784 opportunitas,
759 1699 887 1762 auxilia
904 1701 1092 1773 sociorum‚·
1104 1699 1253 1772 classes,

147 1821 178 1875 15
199 1813 408 1864 commeatus
441 1801 583 1863 multum
604 1799 745 1886 juvant:
783 1798 970 1864 maximam
1004 1821 1084 1864 vero
1113 1810 1254 1883 partem

198 1901 295 1986 quasi
313 1922 374 1964 suo
384 1900 460 1987 jure
473 1901 625 1964 Fortuna
643 1899 706 1963 sibi
728 1900 892 1970 vindicat,
912 1912 945 1963 et
967 1899 1127 1986 quicquid
1153 1919 1256 1982 pros-

199 2022 279 2085 pere
297 2012 431 2087 gestum
458 2012 522 2073 est,
541 1999 575 2064 id
602 2020 711 2084 paene
737 2021 839 2065 omne
866 2000 958 2064 ducit
989 2021 1101 2064 suum.
1150 2017 1177 2064 τ.
1203 1998 1256 2064 At

196 2099 279 2165 ¹vero
308 2101 408 2187 hujus
434 2100 577 2186 gloriae,
597 2098 647 2164 C.‘
668 2099 812 2174 Caesar,
842 2121 946 2186 quam
975 2122 1012 2165 es
1040 2101 1143 2184 paulo
1167 2113 1254 2166 ante
1344 2099 1345 2150 l

200 2202 356 2284 adeptus,
371 2201 501 2264 socium
519 2201 625 2264 hahes
643 2201 835 2286 neminem:
860 2214 966 2265 totum
984 2201 1049 2265 hoc
1065 2213 1254 2286 quantum-

148 2315 182 2354 20
200 2321 346 2384 cumque
366 2311 417 2364 est
436 2300 545 2385 (quod
571 2311 661 2363 certe
682 2301 870 2364 maximum
895 2301 962 2384 est)
982 2311 1087 2364 totum
1114 2313 1177 2375 est,
1197 2301 1254 2364 in-

200 2421 316 2487 quam,
335 2414 441 2464 tuum.
491 2398 588 2463 Nihil
606 2390 669 2463 sihi
694 2421 738 2464 ex
762 2401 825 2464 ista
849 2401 952 2464 laude
977 2401 1142 2476 centuri0,
1162 2402 1252 2466 nihil

200 2501 408 2586 praelectus,
434 2499 520 2563 nihil
546 2501 681 2574 cohors,
703 2499 788 2564 nihil
817 2513 928 2564 turma
954 2500 1126 2586 decerpit:
1163 2503 1251 2588 quin

200 2601 301 2666 etiam
323 2600 382 2664 illa
407 2599 482 2684 ipsa
510 2595 623 2663 rerum
653 2600 882 2663 humanarum
909 2599 1061 2675 domina,
1080 2601 1250 2677 Fortuna,
1344 2609 1345 2686 J

199 2702 233 2766 in
260 2700 355 2766 istius
379 2699 726 2790 societatemygloriae
749 2721 785 2764 se
811 2722 879 2765 non
901 2699 1021 2765 offert:
1052 2701 1111 2765 tibi
1135 2703 1251 2776 cedit;
1344 2699 1345 2746 l

121 2819 123 2823 ’
150 2807 182 2860 25
199 2815 291 2866 tuam
310 2822 385 2866 esse
402 2801 505 2866 totam
523 2811 555 2864 et
571 2798 743 2885 propriam
761 2801 893 2864 fatetur.
937 2799 1136 2886 Numquam
1153 2803 1253 2866 enim

199 2902 370 2966 temeritas
398 2915 475 2965 cum
501 2899 667 2985 sapientia
691 2899 941 2986 commiscetur,
962 2922 1074 2986 neque
1099 2902 1142 2966 ad
1165 2921 1254 2966 con-

199 3004 312 3068 silium
338 3022 439 3066 casus
468 3000 663 3066 admittitur.
694 2999 696 3003 ’

244 3123 297 3168 111.
323 3120 350 3166 s.
388 3101 555 3166 Domuisti
572 3099 684 3187 gentis
704 3098 914 3164 immanitate
937 3099 1116 3176 barbaras,
1134 3100 1251 3166 multi-

198 3207 314 3272 tudine
346 3201 617 3276 innumerabilis,
645 3200 729 3266 locis
756 3200 917 3276 infinitas,
944 3201 1039 3265 omni
1070 3201 1249 3286 copiarum
1344 3207 1345 3292 Ῑ

150 3317 185 3372 30
199 3327 327 3393 genere
360 3302 585 3371 abundantis:
627 3301 687 3366 sed
708 3313 834 3379 ¹tamen
865 3321 907 3365 ea
938 3301 1060 3376 vicisti,
1093 3323 1183 3387 quae
1214 3314 1250 3366 et
1344 3295 1345 3356 i

199 3421 355 3472 naturam
388 3418 421 3470 et
449 3403 684 3470 condicionem
713 3413 750 3466 ut
774 3400 864 3466 vinci
892 3412 1032 3486 possent
1059 3401 1245 3468 habebant.

199 3504 306 3570 Nulla
333 3519 383 3572 est
408 3506 500 3570 enim
525 3515 624 3575 tanta
638 3502 709 3576 vis,
736 3523 824 3588 quae
849 3523 918 3566 non
947 3501 1036 3566 ferro
1061 3513 1095 3566 et
1118 3502 1249 3568 viribus

200 3607 367 3670 debilitari
407 3605 587 3692 frangique
623 3603 739 3688 possit.
800 3600 966 3666 Animum
996 3602 1147 3678 vincere,
1181 3603 1247 3667 ira-

173 3783 175 3788 *
200 3706 360 3768 cundiam
386 3705 559 3776 cohibere,
586 3702 762 3766 victoriam
777 3713 990 3786 temperare,
1012 3703 1247 3768 adversarium

150 3818 183 3872 35
200 3803 386 3876 nobilitate,
405 3801 558 3886 ingenio,
576 3802 706 3864 virtute.
722 3812 951 3884 praestantem
975 3822 1044 3865 non
1068 3802 1172 3867 modo
1189 3824 1248 3867 ex·
1344 3865 1345 3870 ,

202 3900 318 3963 tollere
338 3899 522 3987 jacentem,
541 3899 601 3963 sed
623 3898 725 3962 etiam
744 3899 953 3984 amplificare
970 3899 1043 3987 ejus
1067 3900 1247 3986 pristinam
1344 3915 1345 3948 ³
