2716 4266
85 197 205 268 rv.11.]
295 199 388 266 True
416 199 526 288 Glory
550 202 598 287 ⁰f
615 201 759 268 Caesar's
794 200 943 288 Vt‘ctory.
1077 217 1139 283 213

82 400 305 488 dignitatem,
323 401 411 466 haec
427 401 484 487 qui
500 402 592 476 facit,
613 424 680 467 non
699 424 765 489 ego
790 423 868 467 eum
893 423 972 466 curn
998 403 1140 468 summis

81 501 171 566 viris
188 523 361 586 eurupam,
381 504 441 567 sed
466 502 676 567 simillimum
702 503 766 567 deo
786 502 916 589 judico.
942 519 971 566 a.
1007 501 1138 588 Itaque,

82 600 131 666 C.
157 600 301 675 Caesar,
327 602 471 666 bellicae
502 615 580 666 tuae
613 603 733 666 laudes
765 602 1029 670 celebrabuntur
1061 603 1140 667 illae

81 701 227 785 quidem
246 723 313 766 non
330 704 440 765 solum
457 702 593 775 nostriS,
609 703 669 766 sed
687 723 797 786 paene
814 703 966 768 omniurn
985 703 1138 790 gentium

81 801 207 864 litteris
232 814 332 886 atque
355 802 497 888 linguis,
515 823 579 865 nec
600 803 669 866 ulla
694 822 858 887 umquam
888 816 982 870 aetas
1006 803 1050 868 de
1075 803 1171 879 tuiss

81 900 247 964 laudibus
264 902 477 966 conticescet
526 900 597 966 Sed
615 914 729 966 tamen
748 901 821 989 ejus
839 905 930 969 modi
947 926 1001 970 res
1024 903 1140 968 nescio

80 1021 156 1084 quo
174 1001 395 1065 modoetiam
413 1021 491 1064 curn
516 1001 689 1087 leguntur,
708 1003 857 1087 obstrepi
878 1005 1028 1068 clamore
1055 1002 1141 1067 mili·

80 1113 159 1161 turn
178 1100 334 1164 videntur
350 1112 383 1164 et
404 1102 560 1165 tubarum
587 1123 682 1166 sono.
733 1101 780 1166 At
803 1115 889 1168 vero
907 1124 987 1170 cum
1010 1103 1140 1188 aliquid

81 1200 287 1273 clementer,
317 1213 506 1273 mansuete,
529 1201 634 1287 juste,
661 1202 848 1276 moderate,
872 1203 1045 1288 sapienter
1071 1203 1142 1268 lac·

80 1299 260 1363 tum-in
277 1299 454 1364 iracundia
480 1303 692 1385 praesertim,
711 1324 799 1389 quae
823 1315 873 1368 est
898 1303 1036 1367 inimica
1060 1323 1142 1368 con«
1158 1334 1190 1376 10

82 1399 177 1473 silio,
200 1412 233 1463 et
257 1399 292 1462 in
319 1399 471 1474 victoria,
494 1423 583 1487 quae
610 1416 730 1468 natura
756 1404 906 1467 insolens
932 1415 965 1468 et
993 1405 1141 1487 superba

82 1499 365 1564 est-audimus
398 1513 456 1566 aut
484 1503 644 1589 legimus,
678 1525 746 1589 quo
775 1503 885 1568 studio
911 1502 1139 1576 incendimur,

82 1622 158 1665 non
184 1601 285 1666 modo
309 1601 344 1665 in
370 1603 475 1688 gestis
501 1603 613 1678 rebus,
633 1604 693 1667 sed
718 1603 818 1667 etiarn
844 1605 878 1666 in
903 1603 1002 1677 fictis,
1022 1614 1058 1666 ut
1083 1625 1141 1688 eos

83 1723 207 1786 saepe,
240 1723 326 1786 quos
358 1723 545 1788 numquam
577 1704 737 1792 vidimus
762 1702 968 1790 diligarnusl
1015 1721 1059 1766 lu.
1087 1703 1140 1766 Te

82 1824 183 1876 vem,
203 1823 304 1888 quem
329 1816 544 1886 praesentem
568 1803 750 1875 intuemur,
768 1803 866 1890 cujus
890 1814 1038 1868 mentem
1064 1823 1189 1891 sen-15

83 1924 216 1988 susque
240 1915 326 1968 etos
343 1903 528 1977 cernimus,
546 1915 594 1976 ut,
613 1903 774 1989 quicquid
798 1902 879 1966 belli
904 1902 1038 1968 fortuna
1062 1904 1140 1968 reli·

82 2025 193 2089 quum
215 2001 263 2068 rei
281 2004 439 2088 publicae
456 2003 585 2089 fecerit,
604 2003 639 2068 id
655 2025 730 2068 esse
748 2004 880 2066 salvum
899 2003 996 2077 velis,
1015 2004 1140 2089 quibus

83 2105 248 2169 laudibus
265 2101 470 2168 efferemus?
494 2104 616 2189 quibus
637 2103 755 2168 studiis
780 2103 1047 2188 prosequemur?
1071 2126 1140 2190 qua

83 2205 327 2270 benevolentia
345 2202 633 2289 complectemur?
662 2201 814 2268 Parietes
834 2203 907 2288 (me
925 2203 1000 2268 dius
1017 2205 1135 2287 fidius)

84 2319 123 2370 ut
137 2305 220 2369 mihi
234 2306 368 2370 videtur
386 2304 489 2392 hujus
504 2304 619 2368 curiae
636 2303 694 2367 tibi
712 2303 840 2389 gratias
858 2323 962 2389 agere
975 2305 1136 2390 gestiunt,
1155 2331 1189 2370 20

83 2407 180 2492 quod
196 2407 291 2470 brevi
307 2418 461 2490 tempore
478 2404 589 2468 sutura
607 2403 649 2468 sit
664 2403 722 2468 illa
739 2403 919 2467 auctoritas
939 2402 973 2466 in
994 2403 1047 2468 his
1067 2426 1139 2468 ma·

80 2507 197 2598 jurum
218 2528 357 2572 suorum
378 2518 410 2570 et
432 2504 502 2570 suis
522 2503 673 2569 sedibus.
722 2523 772 2567 tv.
800 2501 968 2588 Equidem
990 2503 1068 2568 enin
1093 2503 1135 2569 C.

84 2607 261 2682 Marcelli,
276 2607 338 2671 viri
351 2605 469 2692 optimi
486 2618 519 2669 et
532 2602 822 2686 commemorabili
839 2602 962 2686 pietate
980 2605 1135 2686 praediti,

84 2706 247 2773 lacrimas
273 2707 374 2772 modo
396 2705 572 2770 vobiscum
592 2703 756 2776 viderem,
775 2701 928 2787 omnium
953 2700 1138 2767 Marcello·

85 2829 161 2872 rum
188 2829 301 2872 meum
328 2818 446 2892 pectus
471 2803 636 2870 memor-ia
660 2801 952 2887 obludit‚'quibus
975 2813 1009 2866 tu
1035 2803 1136 2866 etiarn
1155 2826 1189 2882 25

84 2909 241 2982 mortuis,
271 2907 323 2972 Μ.
359 2905 527 2972 Marcello
558 2914 773 2975 conservato,
807 2900 1006 2988 dignitatem
1038 2923 1136 2968 suam

84 3008 275 3084 reddidisti,
300 3006 615 3091 nobilissimamque
647 3002 811 3066 familiam
834 3000 906 3087 jam
940 3001 983 3065 ad
1008 3023 1136 3087 paucos

84 3111 260 3175 redactam
288 3129 399 3194 paene
427 3109 471 3170 ab
499 3101 854 3170 interituvindicasti.
903 3119 940 3164 11.
969 3101 1073 3168 Hunc
1100 3116 1135 3168 tu

84 3210 191 3297 igitur
216 3210 305 3274 diem
332 3207 398 3272 tuis
425 3206 584 3270 maximis
604 3217 637 3270 et
656 3201 963 3282 innumerabilibus
985 3205 1136 3289 gratula-

84 3310 234 3374 tionibus
247 3309 323 3394 jure
340 3318 538 3391 antepones.
581 3303 681 3370 Haec
697 3303 788 3368 enim
806 3323 861 3367 res
879 3303 979 3368 unius
994 3314 1044 3368 est
1059 3324 1135 3387 pro·
1155 3320 1191 3376 30

85 3411 160 3496 pria
177 3408 218 3474 C.
236 3406 418 3472 Caesaris:
451 3418 585 3470 ceterae
596 3405 688 3469 'duce
705 3414 737 3496 te
754 3413 872 3490 gestae
890 3423 1040 3490 magnae
1056 3403 1135 3468 illae
1193 3415 1200 3428 “

85 3510 238 3597 quidem,
257 3508 317 3573 sed
335 3519 448 3570 tamen
467 3507 790 3596 multomagnoque
802 3503 976 3568 comitatu.
1023 3501 1136 3590 Hujus

86 3623 200 3676 autem
218 3609 266 3673 rei
283 3621 318 3672 tu
342 3606 433 3672 idern
458 3625 494 3672 es
519 3617 552 3670 et
568 3605 645 3686 dux
663 3617 696 3670 et
718 3625 855 3668 comes:
890 3625 979 3689 quae
995 3603 1134 3690 quidem

85 3722 179 3774 tanta
211 3720 273 3782 est,
307 3718 342 3771 ut
373 3705 521 3790 tropaeis
552 3716 585 3769 et
617 3705 845 3769 monumentis
876 3704 943 3770 tuis
980 3704 1136 3768 adlatura

86 3811 191 3874 finem
215 3808 257 3872 sit
280 3819 387 3880 aetas,
401 3805 540 3870 -nihil
559 3815 616 3869 'est
637 3804 728 3870 enirn
752 3825 855 3889 opere
880 3813 912 3868 et
936 3824 1041 3868 manu
1066 3803 1136 3868 sac·
1154 3812 1188 3870 35

85 3921 171 3984 turn,
205 3909 296 3994 quod
334 3927 403 3972 non
440 3903 659 3999 [aliquando]
696 3903 855 3968 conficiat
885 3914 918 3968 et
956 3914 1136 3968 consumat
