2714 4266
104 222 194 263 xvm.
208 209 263 282 sa]
427 210 574 300 Appeal
593 219 627 277 to
650 212 707 278 tte
736 213 857 278 Court.
1121 235 1161 300 41

155 431 246 476 xvrr.
271 430 318 476 50.
344 411 577 498 Quapropter,
611 414 759 499 primum
795 414 838 478 ab
871 413 935 480 Dis
968 415 1165 480 immortali-

103 512 186 586 bus,
213 514 303 598 quod
336 535 475 597 sperare
508 513 590 577 mihi
623 514 754 587 videor,
785 515 851 578 boc
883 514 987 589 idem,
1013 514 1162 600 judiceS,

103 624 201 696 opto,
220 627 256 675 ut
274 613 306 675 in
326 614 390 677 hoc
403 613 533 700 judicio
550 614 841 697 nemoimprobus
858 624 1087 698 praeteream
1105 613 1163 700 qui

110 711 323 798 jampridem
345 714 502 777 inventus
530 727 580 777 est
607 714 816 798 reperiatur:
846 715 970 778 deinde
995 713 1024 778 si.
1048 715 1163 800 plures

103 812 255 897 improbi
274 813 410 888 suerint,
430 815 496 878 hoc
513 815 621 886 vobis,
642 815 707 877 hoc
728 815 855 899 populo
880 813 1055 887 Roman0,
1073 813 1163 902 judi·
1196 839 1211 893 5

104 932 180 986 ceS,
211 914 388 988 confirmo,
418 914 520 976 vitam
554 913 788 1000 (mehercule)
822 913 904 977 mihi
930 917 1036 999 prius,
1058 935 1161 1000 quam

103 1013 178 1076 vim
200 1013 558 1099 perseverantiamque
581 1014 626 1078 ad
651 1013 786 1077 illorum
811 1013 1063 1100 improbitatem
1087 1035 1163 1100 per-

104 1114 321 1199 sequendam
346 1113 551 1178 defuturam.
1156 1127 1313 1160 *¹*-

152 1231 193 1278 51.
217 1215 362 1289 Verum,
388 1215 480 1300 quod
504 1236 570 1302 ego
599 1215 785 1288 laboribus,
815 1215 989 1300 periculis,
1018 1214 1162 1279 inimici·

103 1315 231 1401 tiisque
251 1315 350 1389 meis,
373 1327 443 1379 tum
465 1336 543 1379 cum
570 1317 757 1380 admissum
782 1316 845 1379 erit
869 1317 1019 1380 dedecus
1044 1336 1163 1380 severe
1181 1338 1211 1374 10

104 1438 163 1480 me
189 1428 446 1501 persecuturum
472 1439 548 1481 esse
574 1418 748 1502 polliceor,
768 1416 803 1480 id
823 1438 866 1481 ne
888 1417 1033 1492 accidat,
1053 1428 1088 1481 tu
1104 1429 1162 1480 tua

103 1520 319 1592 auctoritate,
350 1518 531 1603 sapientia,
562 1518 753 1605 diligentia,
785 1516 847 1580 Μ’.
879 1517 1035 1591 Glabrio,
1065 1527 1162 1602 potes

104 1619 301 1702 providere.
351 1617 497 1702 Suscipe
518 1639 659 1683 causam
674 1617 902 1706 judiciorum:
928 1619 1065 1704 suscipe
1082 1639 1163 1682 cau·

103 1740 183 1784 sam
208 1719 410 1792 severitatis,
436 1719 652 1806 integritatis,
679 1719 772 1793 fidei,
796 1719 994 1806 religionis:
1027 1718 1162 1804 suscipe

104 1841 249 1884 causam
274 1831 424 1893 senatus,
443 1830 480 1884 ut
503 1820 544 1893 is,
564 1821 629 1884 hoc
650 1817 780 1907 judicio
802 1821 977 1904 probatus,
1000 1839 1079 1885 cum
1103 1841 1163 1904 po·
1182 1837 1211 1890 [ς

104 1923 189 2006 pulo
222 1921 382 1986 Romano
414 1930 447 1984 et
478 1920 512 1982 in
544 1920 646 1985 laude
675 1931 707 1984 et
735 1921 768 1983 in
799 1920 909 2007 gratia
937 1941 1013 1985 esse
1041 1921 1159 2006 possit.

103 2021 234 2110 Cogita
259 2021 316 2108 qui
342 2021 400 2095 sis,
429 2042 496 2106 quo
525 2021 600 2086 loco
629 2020 687 2094 sis,
714 2021 795 2106 quid
823 2021 907 2084 dare
934 2023 1061 2106 populo
1089 2020 1162 2086 Ro·

103 2145 224 2197 man0‚
251 2122 334 2207 quid
357 2121 501 2186 reddere
526 2121 712 2208 majoribus
735 2121 813 2194 tuis,
838 2121 987 2185 debeas:
1020 2121 1075 2186 fac
1102 2121 1161 2186 tibi

104 2237 271 2308 paternae
296 2223 384 2308 legis
409 2219 580 2308 [Aciliae]
606 2221 722 2285 veniat
746 2222 781 2284 in
806 2235 968 2306 mentem,
990 2243 1058 2308 qua
1084 2223 1162 2310 lege

104 2323 255 2409 populus
280 2322 461 2387 Romanus
486 2322 528 2386 de
553 2322 708 2406 pecuniis
732 2323 930 2407 repetundis
952 2323 1087 2407 optimis
1107 2323 1162 2411 ju·
1180 2337 1213 2372 ²0

104 2423 206 2489 diciis
226 2420 520 2508 severissimisque
536 2421 710 2509 judicibus
723 2437 812 2486 'usus
829 2433 889 2486 est.
935 2439 982 2486 52.
1005 2413 1163 2488 Circum·
1307 2466 1321 2492 a

106 2535 198 2588 stant
216 2534 248 2586 te
273 2543 428 2587 summae
450 2522 678 2596 auctoritates,
701 2543 790 2606 quae
815 2533 847 2586 te
871 2523 1026 2588 oblivisci
1050 2523 1162 2588 laudis

105 2623 316 2688 domesticae
341 2644 408 2684 non
434 2621 567 2695 sinant;
601 2643 690 2707 quae
715 2634 747 2686 te
772 2624 880 2696 noctis
904 2623 1047 2709 diesque
1070 2644 1162 2688 com·

106 2734 285 2795 moneant,
324 2721 545 2785 fortissimum
586 2722 645 2784 tibi
688 2734 833 2807 patrem,
871 2723 1160 2807 sapientissimum

106 2845 224 2896 avum,
244 2821 486 2910 gravissimum
505 2843 661 2885 socerum
679 2822 796 2886 fuisse.
848 2820 930 2905 Qua
951 2845 986 2887 re
1011 2823 1038 2888 si
1060 2823 1162 2911 [Gla-
1178 2837 1207 2888 ²⁵

108 2921 253 3008 brionis]
266 2920 447 3006 patrisvim
459 2933 491 2984 et
502 2921 724 2985 acrimoniam
737 2923 869 3006 ceperis
880 2924 924 2986 ad
935 2923 1161 2988 resistendum

108 3021 304 3087 hominibus
315 3020 573 3094 audacissimis3
592 3022 619 3084 si
632 3021 686 3085 avi
702 3021 929 3110 [Scaevolae]
946 3025 1160 3107 prudentiam

109 3123 154 3187 ad
168 3122 426 3208 prospiciendas
438 3121 594 3194 insidias,
608 3142 697 3207 quae
708 3134 786 3186 tuae
798 3135 899 3207 atque
913 3123 1034 3188 horum
1047 3124 1161 3190 famae

109 3234 371 3308 comparantur3
393 3221 420 3285 si
433 3221 541 3286 soceri
557 3220 716 3309 [Scauri]
732 3224 972 3298 constantiam,
985 3235 1021 3288 ut
1032 3247 1074 3288 ne
1085 3226 1161 3310 quis
1273 3291 1281 3317 ι

111 3336 140 3389 te
158 3324 201 3388 de
217 3344 299 3386 vera
317 3333 350 3386 et
366 3333 458 3385 certa
476 3321 581 3406 possit
600 3321 768 3386 sententia
793 3322 996 3398 demovere3
1030 3324 1208 3390 intelle-3⁰
1252 3330 1289 3423 χ’,
1346 3381 1347 3386 ,

112 3436 168 3514 get
184 3424 330 3509 populus
349 3421 543 3496 Romanus,
562 3421 783 3510 integerrimo
801 3434 902 3508 atque
924 3424 1161 3490 honestissimo

114 3535 278 3613 praetore,
307 3522 508 3608 delectoque
532 3522 687 3598 consili0,
711 3523 847 3587 nocenti
872 3543 930 3588 reo
955 3525 1161 3611 magnitudi-
1292 3532 1296 3540 '

114 3646 188 3692 nem
206 3621 374 3709 pecuniae
394 3623 471 3707 plus
495 3623 657 3686 habuisse
681 3621 844 3687 momenti
869 3623 913 3688 ad
938 3624 1160 3712 suspitionem
1244 3629 1248 3637 “

113 3723 275 3797 criminis,
293 3743 397 3808 quam
416 3723 459 3787 ad
477 3723 641 3787 rationem
660 3722 789 3786 salutis.
1165 3747 1305 3826 Χ

155 3843 259 3888 xvnr.
285 3838 331 3885 5³.
356 3821 445 3886 Mihi
478 3835 607 3887 certum
640 3834 702 3897 est,
730 3845 799 3888 non
828 3824 1038 3889 committere
1065 3835 1102 3889 ut
1125 3823 1160 3889 in
1178 3836 1209 3888 ³5

114 3925 177 3990 hac
196 3943 301 3990 causa
321 3935 457 4011 praetor
476 3923 573 3988 nobis
598 3921 847 4011 consiliumque
872 3935 1030 3990 mutetur.
1078 3923 1158 3990 Non
