2668 4262
215 191 278 256 108
499 190 713 280 Conspz'racy
736 191 785 278 qf
804 189 967 256 Catilina.
1081 186 1205 258 [Cffl-
1227 189 1265 242 Π·
1325 239 1326 280 3

256 411 320 456 xn.
346 409 393 458 aa.
418 391 519 478 Qae
543 413 622 456 cum
647 391 692 457 ita
716 391 794 468 sint,
817 390 982 477 Quirites,
999 414 1075 469 vos,
1092 414 1198 479 quem
1223 393 1268 456 ad
1325 367 1326 436 i

211 494 350 557 modum
379 494 451 582 jam
480 504 594 567 antea,
621 506 733 556 vestra
761 505 848 556 tecta
877 493 1039 557 custodiis
1067 492 1268 580 vigiliisque
1325 495 1326 502 ’

212 593 403 659 defendite:
437 593 533 668 mihi,
556 606 593 656 ut
615 593 689 657 urbi
714 592 788 656 sine
805 603 917 656 vestro
935 603 1026 656 motu
1045 613 1086 656 ac
1102 593 1174 657 sine
1194 593 1270 656 ullo

212 695 355 756 tumultu
372 693 453 757 satis
469 702 558 756 esset
576 692 736 777 praesidi,
755 692 948 756 consultum
967 704 1068 778 atque
1089 693 1269 776 provisum

182 816 197 868 5
213 775 289 855 est*
312 791 434 856 Coloni
451 813 570 857 omnes
588 793 846 878 municipesque
860 792 975 866 vestri,
991 792 1152 857 certiores
1168 812 1190 855 a
1211 814 1269 856 me

212 891 291 954 sacti
308 892 351 956 de
369 894 433 956 hac
450 906 615 956 nocturna
633 893 837 957 excursione
851 891 1035 966 Catilinae,
1051 891 1152 956 facile
1167 892 1270 956 urbis

211 1013 292 1056 suas
316 991 460 1078 finisque
484 992 680 1056 defendent.
731 991 962 1066 Gladiatores,
987 1012 1092 1076 quam
1116 991 1179 1056 sibi
1207 991 1271 1054 ille

121 1079 351 1176 kii¹''*'*raaoum
370 1092 594 1158 certissimam
610 1092 682 1157 fore
703 1093 845 1176 putavit,
859 1112 1122 1177 -quamquam
1148 1091 1271 1180 animo

212 1193 352 1257 meliore
376 1204 454 1258 sunt
480 1213 584 1278 quam
613 1214 693 1278 pars
721 1192 1188 1278 patriciorum—potestate
1216 1203 1271 1256 ta·

165 1318 195 1354 10
212 1311 291 1355 men
320 1305 434 1356 nostra
462 1292 734 1357 continebuntur.
785 1290 839 1377 Q
863 1291 1038 1367 Metellus,
1065 1312 1166 1377 quem
1196 1313 1271 1379 ego

213 1392 278 1455 hoc
294 1391 506 1477 prospiciens
523 1391 557 1455 in
574 1413 696 1478 agrum
713 1374 889 1456 Gallicum
906 1389 1140 1477 Picenumque
1163 1411 1269 1475 prae-

213 1491 303 1566 misi,
328 1504 387 1556 aut
412 1491 582 1576 opprimet
611 1492 798 1567 bominem,
824 1505 884 1556 aut
910 1493 1022 1559 omnis
1050 1493 1123 1582 ejus
1152 1504 1270 1558 motus

213 1603 422 1678 conatusque
440 1591 642 1676 prohibebit.
692 1592 851 1679 Reliquis
868 1604 982 1658 autem
999 1594 1043 1658 de
1060 1594 1160 1658 rebus
1183 1614 1270 1657 con·
1325 1613 1326 1664 t

213 1691 402 1766 stituendis,
429 1693 653 1767 maturandis,
680 1692 838 1778 agendis,
864 1692 938 1781 jam
962 1693 1007 1758 ad
1030 1704 1188 1758 senatum
1214 1715 1270 1758 re·

166 1817 195 1868 15
213 1791 374 1865 feremus,
392 1814 494 1877 quem
512 1793 627 1858 vocari
643 1792 776 1858 videtis.
796 1811 816 1860 ι’

256 1907 303 1954 ar.
326 1891 362 1956 N
366 1913 431 1956 unc
453 1892 530 1957 illos
554 1892 612 1978 qui
632 1893 666 1956 in
686 1894 769 1958 urbe
787 1904 1035 1968 remanserunt,
1055 1902 1157 1979 atque
1174 1894 1268 1958 adeo
1325 1899 1326 1902 ’

212 1993 270 2078 qui
285 2004 402 2057 contra
415 1993 507 2056 urbis
524 1994 668 2057 salutem
686 1993 908 2079 omniumque
925 2004 1074 2057 vestrum
1091 1993 1126 2056 in
1143 1994 1231 2057 urbe
1248 2015 1268 2056 a

214 2091 363 2156 Catilina
388 2091 496 2156 relicti
520 2103 609 2165 sunt,
634 2113 843 2178 quamquam
874 2103 951 2156 sunt
983 2093 1110 2163 hostes,
1133 2105 1266 2166 tamen,

213 2193 294 2278 quia
311 2205 389 2258 sunt
401 2192 506 2266 civem
523 2192 666 2256 monitos
683 2192 784 2256 etiam
803 2204 903 2278 atque
921 2192 1023 2256 etiam
1041 2193 1131 2257 volo.
1182 2193 1268 2257 Mea

164 2318 195 2354 20
215 2293 335 2356 lenitas
351 2292 380 2356 si
397 2291 451 2356 cui
470 2292 583 2356 adhuc
599 2291 740 2355 solutior
764 2292 836 2356 visa
860 2303 924 2366 est,
949 2292 1014 2356 hoc
1038 2293 1266 2377 exspectavit,
1325 2335 1326 2356 i

214 2405 250 2456 ut
277 2392 311 2456 id
338 2393 430 2478 quod
458 2392 584 2457 latebat
611 2402 815 2477 erumperet.
866 2391 971 2474 Quod
998 2392 1169 2478 reliquum
1202 2405 1266 2466 est,

219 2492 290 2579 jam
317 2514 385 2556 non
409 2513 547 2576 possum
571 2491 726 2555 oblivisci
751 2513 862 2556 meam
890 2494 980 2557 hanc
1004 2513 1079 2557 esse
1104 2493 1266 2577 patriam,
1325 2531 1326 2544 κ

214 2615 269 2656 me
287 2593 406 2656 horum
423 2614 499 2656 esse
515 2592 808 2666 consulem-mihi
828 2604 885 2656 aut
900 2612 979 2656 cum
1002 2592 1055 2656 bis
1079 2593 1267 2658 vivendum
1325 2577 1326 2586 ἵ

215 2703 272 2757 aut
289 2713 349 2777 pro
367 2693 419 2756 his
436 2713 512 2756 esse
529 2691 757 2756 moriendum.
807 2691 841 2756 N
845 2693 934 2758 ullus
951 2704 1001 2758 est
1018 2693 1123 2778 portis
1136 2705 1265 2768 custos,
1325 2697 1326 2770 i

139 2794 327 2869 '25nullus
359 2792 535 2856 insidiator
565 2792 663 2856 viae:
695 2791 724 2856 si
748 2791 806 2878 qui
831 2793 926 2858 exire
949 2795 1081 2869 volunt,
1103 2795 1267 2859 'conivere

213 2915 364 2980 possum.
415 2891 486 2977 Qi
512 2913 591 2956 vero
614 2913 651 2956 se
674 2891 708 2956 in
730 2894 813 2956 urbe
830 2893 1064 2967 commoverit,
1084 2892 1181 2981 cujus
1198 2915 1267 2980 egc
1325 2939 1326 2982 3

212 3016 281 3059 non
299 2993 400 3058 modo
412 2993 553 3066 sactum,
568 2993 628 3056 sed
646 2992 819 3077 inceptum
836 2993 944 3056 ullum
963 3005 1166 3057 conatumve
1184 3014 1267 3058 con-

212 3105 263 3158 tra
281 3093 425 3178 patriam
443 3093 714 3177 deprehendero,
731 3093 852 3158 sentiet
868 3093 900 3156 in
920 3094 986 3157 hac
998 3094 1081 3158 urbe
1095 3115 1170 3158 esse
1183 3113 1267 3158 con·
1325 3081 1326 3164 f

213 3195 304 3258 sules
322 3194 507 3280 vigilantis,
527 3215 601 3258 esse
619 3192 779 3280 egregios
797 3180 1031 3279 magistratus,
1050 3215 1125 3258 esse
1142 3193 1264 3258 sortem

164 3319 195 3369 30
214 3305 382 3366 senatum,
409 3315 484 3360 esse
513 3315 621 3366 arma,
648 3315 723 3358 esse
752 3314 940 3366 carcerem,
962 3313 1065 3379 quem
1089 3293 1263 3358 vindicem

213 3394 421 3457 nefariorum
445 3415 485 3458 ac
510 3393 767 3458 manifestorum
792 3394 960 3458 scelerum
988 3393 1135 3481 majores
1160 3393 1264 3458 nostri

213 3515 288 3558 esse
313 3493 503 3558 voluerunt.

258 3613 336 3656 x111.
363 3611 409 3656 aa.
433 3593 546 3678 Atque
564 3593 782 3657 haecomnia
800 3593 849 3658 sic
866 3605 1024 3680 agentur,
1044 3593 1210 3678 Quirites,
1228 3603 1264 3662 ut

215 3692 386 3756 maximae
405 3715 457 3756 res
476 3693 614 3756 minimo
633 3704 737 3764 motu,
759 3714 779 3776 p
803 3693 909 3756 ricula
935 3714 1070 3756 summa
1095 3694 1189 3758 nullo
1212 3706 1262 3757 tu-

165 3817 196 3868 35
217 3791 335 3864 multu,
349 3792 477 3854 bellum
490 3791 684 3855 intestinum
699 3812 739 3855 ac
753 3791 975 3855 domesticum
994 3804 1069 3876 post
1085 3793 1262 3862 hominum

218 3889 416 3952 memoriam
434 3889 706 3954 crudelissimum
723 3900 756 3954 et
773 3890 975 3965 maximum,
991 3913 1045 3956 me
1063 3915 1131 3958 uno
1147 3903 1263 3980 togato
1325 3969 1326 3976 ἵ
