<?xml version="1.0" encoding="UTF-8"?>
<!DOCTYPE html PUBLIC "-//W3C//DTD XHTML 1.0 Transitional//EN"
    "http://www.w3.org/TR/xhtml1/DTD/xhtml1-transitional.dtd">
<html xmlns="http://www.w3.org/1999/xhtml" xml:lang="en" lang="en">
 <head>
  <title>
</title>
<meta http-equiv="Content-Type" content="text/html;charset=utf-8" />
  <meta name='ocr-system' content='tesseract 3.04.00' />
  <meta name='ocr-capabilities' content='ocr_page ocr_carea ocr_par ocr_line ocrx_word'/>
</head>
<body>
  <div class='ocr_page' id='page_1' title='image "./selectorationsc00greegoog_0225.png"; bbox 0 0 2716 4266; ppageno 0'>
   <div class='ocr_carea' id='block_1_1' title="bbox 238 180 1327 292">
    <p class='ocr_par' dir='ltr' id='par_1_1' title="bbox 238 180 1327 292">
     <span class='ocr_line' id='line_1_1' title="bbox 238 180 1327 292; baseline 0.006 -46"><span class='ocrx_word' id='word_1_1' title='bbox 238 180 301 270; x_wconf 91' lang='lat'>198</span> <span class='ocrx_word' id='word_1_2' title='bbox 588 180 746 268; x_wconf 60' lang='lat' dir='ltr'>Desertae</span> <span class='ocrx_word' id='word_1_3' title='bbox 769 184 817 268; x_wconf 87' lang='lat' dir='ltr'>of</span> <span class='ocrx_word' id='word_1_4' title='bbox 829 182 934 249; x_wconf 79' lang='lat' dir='ltr'>Milo.</span> <span class='ocrx_word' id='word_1_5' title='bbox 1182 180 1277 252; x_wconf 67' lang='lat' dir='ltr'>[Mna</span> <span class='ocrx_word' id='word_1_6' title='bbox 1326 269 1327 292; x_wconf 14' lang='grc' dir='ltr'><strong>Χ</strong></span> 
     </span>
    </p>
   </div>
   <div class='ocr_carea' id='block_1_2' title="bbox 143 381 1327 3966">
    <p class='ocr_par' dir='ltr' id='par_1_2' title="bbox 143 381 1327 3966">
     <span class='ocr_line' id='line_1_2' title="bbox 234 381 1327 470; baseline 0.002 -24"><span class='ocrx_word' id='word_1_7' title='bbox 234 381 427 448; x_wconf 89' lang='lat' dir='ltr'>aedificium</span> <span class='ocrx_word' id='word_1_8' title='bbox 450 381 484 446; x_wconf 94' lang='lat' dir='ltr'>in</span> <span class='ocrx_word' id='word_1_9' title='bbox 510 382 643 457; x_wconf 76' lang='lat' dir='ltr'>alieno,</span> <span class='ocrx_word' id='word_1_10' title='bbox 667 402 711 448; x_wconf 76' lang='lat' dir='ltr'>aa.</span> <span class='ocrx_word' id='word_1_11' title='bbox 735 383 792 470; x_wconf 91' lang='lat' dir='ltr'>qui</span> <span class='ocrx_word' id='word_1_12' title='bbox 818 384 898 450; x_wconf 91' lang='lat' dir='ltr'>huic</span> <span class='ocrx_word' id='word_1_13' title='bbox 915 384 959 448; x_wconf 91' lang='lat' dir='ltr'>T.</span> <span class='ocrx_word' id='word_1_14' title='bbox 988 385 1278 458; x_wconf 67' lang='lat' dir='ltr'>Furiarum—cui</span> <span class='ocrx_word' id='word_1_15' title='bbox 1326 401 1327 408; x_wconf 53' lang='lat'>¹</span> 
     </span>
     <span class='ocr_line' id='line_1_3' title="bbox 233 483 1327 572; baseline -0.001 -24"><span class='ocrx_word' id='word_1_16' title='bbox 233 484 318 558; x_wconf 88' lang='lat' dir='ltr'>viro,</span> <span class='ocrx_word' id='word_1_17' title='bbox 352 484 385 547; x_wconf 91' lang='lat' dir='ltr'>di</span> <span class='ocrx_word' id='word_1_18' title='bbox 418 483 647 548; x_wconf 85' lang='lat' dir='ltr'>immortales!</span> <span class='ocrx_word' id='word_1_19' title='bbox 680 485 761 572; x_wconf 89' lang='lat' dir='ltr'>quid</span> <span class='ocrx_word' id='word_1_20' title='bbox 793 485 885 548; x_wconf 91' lang='lat' dir='ltr'>enim</span> <span class='ocrx_word' id='word_1_21' title='bbox 914 507 980 572; x_wconf 85' lang='lat' dir='ltr'>ego</span> <span class='ocrx_word' id='word_1_22' title='bbox 1012 487 1055 550; x_wconf 89' lang='lat' dir='ltr'>de</span> <span class='ocrx_word' id='word_1_23' title='bbox 1087 486 1279 549; x_wconf 86' lang='lat' dir='ltr'><strong>muliercula</strong></span> <span class='ocrx_word' id='word_1_24' title='bbox 1326 543 1327 572; x_wconf 23' lang='grc' dir='ltr'>ἶ</span> 
     </span>
     <span class='ocr_line' id='line_1_4' title="bbox 233 583 1280 670; baseline 0 -21"><span class='ocrx_word' id='word_1_25' title='bbox 233 583 388 655; x_wconf 86' lang='lat' dir='ltr'>Scantia,</span> <span class='ocrx_word' id='word_1_26' title='bbox 406 583 487 668; x_wconf 91' lang='lat' dir='ltr'>quid</span> <span class='ocrx_word' id='word_1_27' title='bbox 508 583 550 647; x_wconf 90' lang='lat' dir='ltr'>de</span> <span class='ocrx_word' id='word_1_28' title='bbox 577 585 796 650; x_wconf 86' lang='lat' dir='ltr'>adulescente</span> <span class='ocrx_word' id='word_1_29' title='bbox 824 583 862 647; x_wconf 93' lang='lat' dir='ltr'>P.</span> <span class='ocrx_word' id='word_1_30' title='bbox 884 583 1010 669; x_wconf 88' lang='lat' dir='ltr'>Apinio</span> <span class='ocrx_word' id='word_1_31' title='bbox 1038 584 1177 649; x_wconf 88' lang='lat' dir='ltr'>dicam?</span> <span class='ocrx_word' id='word_1_32' title='bbox 1207 607 1280 670; x_wconf 79' lang='lat' dir='ltr'>quo</span> 
     </span>
     <span class='ocr_line' id='line_1_5' title="bbox 234 683 1281 768; baseline -0.002 -20"><span class='ocrx_word' id='word_1_33' title='bbox 234 707 307 748; x_wconf 91' lang='lat' dir='ltr'>rum</span> <span class='ocrx_word' id='word_1_34' title='bbox 330 683 460 768; x_wconf 89' lang='lat' dir='ltr'>utrique</span> <span class='ocrx_word' id='word_1_35' title='bbox 481 696 623 747; x_wconf 88' lang='lat' dir='ltr'>mortem</span> <span class='ocrx_word' id='word_1_36' title='bbox 650 697 701 749; x_wconf 88' lang='lat' dir='ltr'>est</span> <span class='ocrx_word' id='word_1_37' title='bbox 727 683 912 757; x_wconf 78' lang='lat' dir='ltr'>minitatuS,</span> <span class='ocrx_word' id='word_1_38' title='bbox 932 683 996 748; x_wconf 91' lang='lat' dir='ltr'>nisi</span> <span class='ocrx_word' id='word_1_39' title='bbox 1022 685 1084 748; x_wconf 92' lang='lat' dir='ltr'>sibi</span> <span class='ocrx_word' id='word_1_40' title='bbox 1114 686 1281 748; x_wconf 90' lang='lat' dir='ltr'>hortorum</span> 
     </span>
     <span class='ocr_line' id='line_1_6' title="bbox 182 781 1282 870; baseline 0 -22"><span class='ocrx_word' id='word_1_41' title='bbox 182 804 198 859; x_wconf 85' lang='grc' dir='ltr'><strong><em>ς</em></strong></span> <span class='ocrx_word' id='word_1_42' title='bbox 234 781 447 870; x_wconf 86' lang='lat' dir='ltr'>possessione</span> <span class='ocrx_word' id='word_1_43' title='bbox 487 783 680 859; x_wconf 80' lang='lat' dir='ltr'>cessissent,</span> <span class='ocrx_word' id='word_1_44' title='bbox 698 785 820 849; x_wconf 90' lang='lat' dir='ltr'>-sed</span> <span class='ocrx_word' id='word_1_45' title='bbox 860 805 982 849; x_wconf 91' lang='lat' dir='ltr'>ausum</span> <span class='ocrx_word' id='word_1_46' title='bbox 1016 807 1090 850; x_wconf 89' lang='lat' dir='ltr'>esse</span> <span class='ocrx_word' id='word_1_47' title='bbox 1123 785 1282 850; x_wconf 84' lang='lat' dir='ltr'>Furfanio</span> 
     </span>
     <span class='ocr_line' id='line_1_7' title="bbox 232 882 1283 972; baseline 0 -24"><span class='ocrx_word' id='word_1_48' title='bbox 232 885 360 958; x_wconf 82' lang='lat' dir='ltr'>dicere,</span> <span class='ocrx_word' id='word_1_49' title='bbox 389 883 418 946; x_wconf 88' lang='lat' dir='ltr'>si</span> <span class='ocrx_word' id='word_1_50' title='bbox 450 882 513 947; x_wconf 85' lang='lat' dir='ltr'>sibi</span> <span class='ocrx_word' id='word_1_51' title='bbox 546 885 741 968; x_wconf 90' lang='lat' dir='ltr'>pecuniam,</span> <span class='ocrx_word' id='word_1_52' title='bbox 775 894 938 970; x_wconf 86' lang='lat' dir='ltr'>quantam</span> <span class='ocrx_word' id='word_1_53' title='bbox 972 898 1189 972; x_wconf 86' lang='lat' dir='ltr'>poposcerat,</span> <span class='ocrx_word' id='word_1_54' title='bbox 1223 906 1283 949; x_wconf 89' lang='lat' dir='ltr'>non</span> 
     </span>
     <span class='ocr_line' id='line_1_8' title="bbox 233 983 1283 1074; baseline -0.001 -26"><span class='ocrx_word' id='word_1_55' title='bbox 233 984 394 1054; x_wconf 87' lang='lat' dir='ltr'>dedisset,</span> <span class='ocrx_word' id='word_1_56' title='bbox 417 994 587 1047; x_wconf 89' lang='lat' dir='ltr'>mortuum</span> <span class='ocrx_word' id='word_1_57' title='bbox 609 1005 645 1048; x_wconf 91' lang='lat' dir='ltr'>se</span> <span class='ocrx_word' id='word_1_58' title='bbox 670 983 704 1048; x_wconf 94' lang='lat' dir='ltr'>in</span> <span class='ocrx_word' id='word_1_59' title='bbox 728 985 867 1049; x_wconf 89' lang='lat' dir='ltr'>domum</span> <span class='ocrx_word' id='word_1_60' title='bbox 898 985 972 1074; x_wconf 91' lang='lat' dir='ltr'>ejus</span> <span class='ocrx_word' id='word_1_61' title='bbox 997 986 1197 1060; x_wconf 91' lang='lat' dir='ltr'>inlaturum,</span> <span class='ocrx_word' id='word_1_62' title='bbox 1223 1005 1283 1070; x_wconf 94' lang='lat' dir='ltr'>qua</span> 
     </span>
     <span class='ocr_line' id='line_1_9' title="bbox 234 1082 1285 1173; baseline -0.002 -25"><span class='ocrx_word' id='word_1_63' title='bbox 234 1085 361 1148; x_wconf 89' lang='lat' dir='ltr'>invidia</span> <span class='ocrx_word' id='word_1_64' title='bbox 374 1083 454 1147; x_wconf 91' lang='lat' dir='ltr'>huic</span> <span class='ocrx_word' id='word_1_65' title='bbox 468 1095 557 1146; x_wconf 88' lang='lat' dir='ltr'>esset</span> <span class='ocrx_word' id='word_1_66' title='bbox 570 1082 627 1146; x_wconf 87' lang='lat' dir='ltr'>tali</span> <span class='ocrx_word' id='word_1_67' title='bbox 642 1083 714 1148; x_wconf 90' lang='lat' dir='ltr'>viro</span> <span class='ocrx_word' id='word_1_68' title='bbox 729 1083 1013 1172; x_wconf 86' lang='lat' dir='ltr'>conflagrandum</span> <span class='ocrx_word' id='word_1_69' title='bbox 1027 1108 1035 1160; x_wconf 91' lang='grc'><strong>;</strong></span> <span class='ocrx_word' id='word_1_70' title='bbox 1060 1086 1118 1173; x_wconf 93' lang='lat' dir='ltr'>qui</span> <span class='ocrx_word' id='word_1_71' title='bbox 1136 1085 1285 1170; x_wconf 85' lang='lat' dir='ltr'>Appium</span> 
     </span>
     <span class='ocr_line' id='line_1_10' title="bbox 233 1183 1327 1274; baseline -0.003 -25"><span class='ocrx_word' id='word_1_72' title='bbox 233 1185 384 1256; x_wconf 76' lang='lat' dir='ltr'>fratrem,</span> <span class='ocrx_word' id='word_1_73' title='bbox 404 1183 577 1246; x_wconf 89' lang='lat' dir='ltr'>hominem</span> <span class='ocrx_word' id='word_1_74' title='bbox 608 1183 690 1246; x_wconf 90' lang='lat' dir='ltr'>mihi</span> <span class='ocrx_word' id='word_1_75' title='bbox 719 1185 939 1272; x_wconf 88' lang='lat' dir='ltr'>conjunctum</span> <span class='ocrx_word' id='word_1_76' title='bbox 968 1186 1135 1250; x_wconf 89' lang='lat' dir='ltr'>fidissima</span> <span class='ocrx_word' id='word_1_77' title='bbox 1163 1185 1282 1274; x_wconf 87' lang='lat' dir='ltr'>gratia,</span> <span class='ocrx_word' id='word_1_78' title='bbox 1326 1191 1327 1204; x_wconf 65' lang='lat'>³</span> 
     </span>
     <span class='ocr_line' id='line_1_11' title="bbox 184 1282 1327 1374; baseline 0.004 -27"><span class='ocrx_word' id='word_1_79' title='bbox 184 1315 216 1354; x_wconf 85' lang='lat'>10</span> <span class='ocrx_word' id='word_1_80' title='bbox 235 1284 407 1348; x_wconf 89' lang='lat' dir='ltr'>absentem</span> <span class='ocrx_word' id='word_1_81' title='bbox 431 1282 474 1346; x_wconf 85' lang='lat' dir='ltr'>de</span> <span class='ocrx_word' id='word_1_82' title='bbox 502 1283 718 1368; x_wconf 87' lang='lat' dir='ltr'>possessione</span> <span class='ocrx_word' id='word_1_83' title='bbox 745 1283 841 1349; x_wconf 91' lang='lat' dir='ltr'>sundi</span> <span class='ocrx_word' id='word_1_84' title='bbox 869 1285 1013 1374; x_wconf 84' lang='lat' dir='ltr'>dejecit3</span> <span class='ocrx_word' id='word_1_85' title='bbox 1037 1285 1093 1372; x_wconf 91' lang='lat' dir='ltr'>qui</span> <span class='ocrx_word' id='word_1_86' title='bbox 1123 1285 1284 1370; x_wconf 87' lang='lat' dir='ltr'>parietem</span> <span class='ocrx_word' id='word_1_87' title='bbox 1326 1347 1327 1352; x_wconf 73' lang='grc'>,</span> 
     </span>
     <span class='ocr_line' id='line_1_12' title="bbox 234 1382 1327 1472; baseline -0.001 -25"><span class='ocrx_word' id='word_1_88' title='bbox 234 1383 282 1447; x_wconf 92' lang='lat' dir='ltr'>sic</span> <span class='ocrx_word' id='word_1_89' title='bbox 307 1404 367 1466; x_wconf 90' lang='lat' dir='ltr'>per</span> <span class='ocrx_word' id='word_1_90' title='bbox 383 1382 587 1446; x_wconf 90' lang='lat' dir='ltr'>vestibulum</span> <span class='ocrx_word' id='word_1_91' title='bbox 618 1384 742 1448; x_wconf 90' lang='lat' dir='ltr'>sororis</span> <span class='ocrx_word' id='word_1_92' title='bbox 770 1385 911 1450; x_wconf 90' lang='lat' dir='ltr'>instituit</span> <span class='ocrx_word' id='word_1_93' title='bbox 938 1387 1075 1458; x_wconf 90' lang='lat' dir='ltr'>ducere,</span> <span class='ocrx_word' id='word_1_94' title='bbox 1105 1385 1155 1449; x_wconf 92' lang='lat' dir='ltr'>sic</span> <span class='ocrx_word' id='word_1_95' title='bbox 1187 1404 1284 1472; x_wconf 83' lang='lat' dir='ltr'>agere</span> <span class='ocrx_word' id='word_1_96' title='bbox 1326 1409 1327 1412; x_wconf 42' lang='lat'>¹</span> 
     </span>
     <span class='ocr_line' id='line_1_13' title="bbox 233 1473 1283 1572; baseline 0 -25"><span class='ocrx_word' id='word_1_97' title='bbox 233 1481 469 1553; x_wconf 82' lang='lat' dir='ltr'>fundamenta,</span> <span class='ocrx_word' id='word_1_98' title='bbox 487 1493 524 1545; x_wconf 90' lang='lat' dir='ltr'>ut</span> <span class='ocrx_word' id='word_1_99' title='bbox 540 1473 690 1548; x_wconf 85' lang='lat' dir='ltr'>sororem</span> <span class='ocrx_word' id='word_1_100' title='bbox 711 1507 779 1550; x_wconf 91' lang='lat' dir='ltr'>non</span> <span class='ocrx_word' id='word_1_101' title='bbox 806 1485 907 1550; x_wconf 86' lang='lat' dir='ltr'>modo</span> <span class='ocrx_word' id='word_1_102' title='bbox 933 1487 1099 1550; x_wconf 91' lang='lat' dir='ltr'>vestibulo</span> <span class='ocrx_word' id='word_1_103' title='bbox 1124 1486 1283 1572; x_wconf 90' lang='lat' dir='ltr'>privaret,</span> 
     </span>
     <span class='ocr_line' id='line_1_14' title="bbox 234 1581 713 1649; baseline 0.002 -3"><span class='ocrx_word' id='word_1_104' title='bbox 234 1583 293 1646; x_wconf 91' lang='lat' dir='ltr'>sed</span> <span class='ocrx_word' id='word_1_105' title='bbox 311 1582 402 1645; x_wconf 92' lang='lat' dir='ltr'>omni</span> <span class='ocrx_word' id='word_1_106' title='bbox 422 1581 515 1645; x_wconf 89' lang='lat' dir='ltr'>aditu</span> <span class='ocrx_word' id='word_1_107' title='bbox 533 1595 565 1646; x_wconf 91' lang='lat' dir='ltr'>et</span> <span class='ocrx_word' id='word_1_108' title='bbox 584 1584 713 1649; x_wconf 88' lang='lat' dir='ltr'>limine.</span> 
     </span>
     <span class='ocr_line' id='line_1_15' title="bbox 279 1681 1283 1774; baseline 0 -28"><span class='ocrx_word' id='word_1_109' title='bbox 279 1701 410 1746; x_wconf 85' lang='lat' dir='ltr'>xxvru.</span> <span class='ocrx_word' id='word_1_110' title='bbox 436 1699 482 1747; x_wconf 79' lang='lat' dir='ltr'>ao.</span> <span class='ocrx_word' id='word_1_111' title='bbox 508 1681 730 1771; x_wconf 72' lang='lat' dir='ltr'>Quamquam</span> <span class='ocrx_word' id='word_1_112' title='bbox 748 1686 835 1750; x_wconf 90' lang='lat' dir='ltr'>haec</span> <span class='ocrx_word' id='word_1_113' title='bbox 850 1684 988 1772; x_wconf 84' lang='lat' dir='ltr'>quidem</span> <span class='ocrx_word' id='word_1_114' title='bbox 1009 1685 1080 1774; x_wconf 88' lang='lat' dir='ltr'>jam</span> <span class='ocrx_word' id='word_1_115' title='bbox 1098 1683 1283 1750; x_wconf 84' lang='lat' dir='ltr'>tolerabilia</span> 
     </span>
     <span class='ocr_line' id='line_1_16' title="bbox 184 1782 1284 1871; baseline 0.002 -27"><span class='ocrx_word' id='word_1_116' title='bbox 184 1806 213 1860; x_wconf 84' lang='lat'>¹5</span> <span class='ocrx_word' id='word_1_117' title='bbox 233 1782 450 1858; x_wconf 88' lang='lat' dir='ltr'>videbantur,</span> <span class='ocrx_word' id='word_1_118' title='bbox 469 1783 531 1848; x_wconf 91' lang='lat' dir='ltr'>etsi</span> <span class='ocrx_word' id='word_1_119' title='bbox 550 1787 772 1870; x_wconf 86' lang='lat' dir='ltr'>aequabiliter</span> <span class='ocrx_word' id='word_1_120' title='bbox 797 1787 831 1850; x_wconf 94' lang='lat' dir='ltr'>in</span> <span class='ocrx_word' id='word_1_121' title='bbox 857 1809 929 1850; x_wconf 89' lang='lat' dir='ltr'>rem</span> <span class='ocrx_word' id='word_1_122' title='bbox 956 1787 1141 1871; x_wconf 88' lang='lat' dir='ltr'>publicam,</span> <span class='ocrx_word' id='word_1_123' title='bbox 1161 1785 1200 1849; x_wconf 94' lang='lat' dir='ltr'>in</span> <span class='ocrx_word' id='word_1_124' title='bbox 1226 1784 1284 1870; x_wconf 92' lang='lat' dir='ltr'>pri-</span> 
     </span>
     <span class='ocr_line' id='line_1_17' title="bbox 143 1883 1283 1973; baseline -0.001 -27"><span class='ocrx_word' id='word_1_125' title='bbox 143 1956 145 1960; x_wconf 28' lang='lat'>·</span> <span class='ocrx_word' id='word_1_126' title='bbox 233 1896 342 1956; x_wconf 89' lang='lat' dir='ltr'>vatos,</span> <span class='ocrx_word' id='word_1_127' title='bbox 361 1883 395 1947; x_wconf 89' lang='lat' dir='ltr'>in</span> <span class='ocrx_word' id='word_1_128' title='bbox 413 1884 632 1971; x_wconf 85' lang='lat' dir='ltr'>longinquos,</span> <span class='ocrx_word' id='word_1_129' title='bbox 651 1885 685 1950; x_wconf 89' lang='lat' dir='ltr'>in</span> <span class='ocrx_word' id='word_1_130' title='bbox 703 1886 925 1973; x_wconf 87' lang='lat' dir='ltr'>propinquos,</span> <span class='ocrx_word' id='word_1_131' title='bbox 943 1885 977 1950; x_wconf 91' lang='lat' dir='ltr'>in</span> <span class='ocrx_word' id='word_1_132' title='bbox 995 1886 1138 1959; x_wconf 89' lang='lat' dir='ltr'>alienos,</span> <span class='ocrx_word' id='word_1_133' title='bbox 1156 1885 1196 1949; x_wconf 93' lang='lat' dir='ltr'>in</span> <span class='ocrx_word' id='word_1_134' title='bbox 1214 1903 1283 1948; x_wconf 89' lang='lat' dir='ltr'>suos</span> 
     </span>
     <span class='ocr_line' id='line_1_18' title="bbox 233 1983 1284 2074; baseline -0.002 -28"><span class='ocrx_word' id='word_1_135' title='bbox 233 1983 410 2060; x_wconf 87' lang='lat' dir='ltr'>inruebat3</span> <span class='ocrx_word' id='word_1_136' title='bbox 443 1985 505 2049; x_wconf 88' lang='lat' dir='ltr'>sed</span> <span class='ocrx_word' id='word_1_137' title='bbox 523 1985 721 2071; x_wconf 89' lang='lat' dir='ltr'>nescioquo</span> <span class='ocrx_word' id='word_1_138' title='bbox 744 1988 844 2051; x_wconf 91' lang='lat' dir='ltr'>modo</span> <span class='ocrx_word' id='word_1_139' title='bbox 864 1986 936 2074; x_wconf 89' lang='lat' dir='ltr'>jam</span> <span class='ocrx_word' id='word_1_140' title='bbox 954 2008 1018 2050; x_wconf 93' lang='lat' dir='ltr'>usu</span> <span class='ocrx_word' id='word_1_141' title='bbox 1035 1986 1245 2050; x_wconf 85' lang='lat' dir='ltr'>obduruerat</span> <span class='ocrx_word' id='word_1_142' title='bbox 1257 1993 1284 2046; x_wconf 91' lang='lat' dir='ltr'>et</span> 
     </span>
     <span class='ocr_line' id='line_1_19' title="bbox 233 2083 1284 2172; baseline -0.004 -23"><span class='ocrx_word' id='word_1_143' title='bbox 233 2086 462 2170; x_wconf 88' lang='lat' dir='ltr'>percalluerat</span> <span class='ocrx_word' id='word_1_144' title='bbox 478 2086 623 2151; x_wconf 90' lang='lat' dir='ltr'>civitatis</span> <span class='ocrx_word' id='word_1_145' title='bbox 640 2086 847 2151; x_wconf 88' lang='lat' dir='ltr'>incredibilis</span> <span class='ocrx_word' id='word_1_146' title='bbox 864 2085 1037 2172; x_wconf 89' lang='lat' dir='ltr'>patientia.</span> <span class='ocrx_word' id='word_1_147' title='bbox 1088 2083 1195 2168; x_wconf 78' lang='lat' dir='ltr'>Qae</span> <span class='ocrx_word' id='word_1_148' title='bbox 1211 2103 1284 2146; x_wconf 89' lang='lat' dir='ltr'>vero</span> 
     </span>
     <span class='ocr_line' id='line_1_20' title="bbox 234 2182 1284 2276; baseline -0.006 -26"><span class='ocrx_word' id='word_1_149' title='bbox 234 2186 377 2252; x_wconf 87' lang='lat' dir='ltr'>aderant</span> <span class='ocrx_word' id='word_1_150' title='bbox 392 2187 465 2276; x_wconf 89' lang='lat' dir='ltr'>jam</span> <span class='ocrx_word' id='word_1_151' title='bbox 489 2200 521 2252; x_wconf 94' lang='lat' dir='ltr'>et</span> <span class='ocrx_word' id='word_1_152' title='bbox 538 2187 793 2272; x_wconf 88' lang='lat' dir='ltr'>impendebant,</span> <span class='ocrx_word' id='word_1_153' title='bbox 812 2207 960 2272; x_wconf 92' lang='lat' dir='ltr'>quonam</span> <span class='ocrx_word' id='word_1_154' title='bbox 980 2184 1081 2250; x_wconf 92' lang='lat' dir='ltr'>modo</span> <span class='ocrx_word' id='word_1_155' title='bbox 1098 2204 1139 2248; x_wconf 90' lang='lat' dir='ltr'>ea</span> <span class='ocrx_word' id='word_1_156' title='bbox 1156 2196 1218 2248; x_wconf 87' lang='lat' dir='ltr'>aut</span> <span class='ocrx_word' id='word_1_157' title='bbox 1233 2182 1284 2246; x_wconf 91' lang='lat' dir='ltr'>de·</span> 
     </span>
     <span class='ocr_line' id='line_1_21' title="bbox 182 2283 1283 2375; baseline -0.005 -25"><span class='ocrx_word' id='word_1_158' title='bbox 182 2299 216 2338; x_wconf 89' lang='lat'>20</span> <span class='ocrx_word' id='word_1_159' title='bbox 234 2288 361 2374; x_wconf 89' lang='lat' dir='ltr'>pellere</span> <span class='ocrx_word' id='word_1_160' title='bbox 379 2288 572 2375; x_wconf 88' lang='lat' dir='ltr'>potuissetis</span> <span class='ocrx_word' id='word_1_161' title='bbox 590 2299 647 2351; x_wconf 91' lang='lat' dir='ltr'>aut</span> <span class='ocrx_word' id='word_1_162' title='bbox 669 2285 779 2350; x_wconf 87' lang='lat' dir='ltr'>serre?</span> <span class='ocrx_word' id='word_1_163' title='bbox 825 2285 1012 2371; x_wconf 85' lang='lat' dir='ltr'>Imperium</span> <span class='ocrx_word' id='word_1_164' title='bbox 1036 2284 1094 2348; x_wconf 89' lang='lat' dir='ltr'>ille</span> <span class='ocrx_word' id='word_1_165' title='bbox 1116 2283 1144 2347; x_wconf 90' lang='lat' dir='ltr'>si</span> <span class='ocrx_word' id='word_1_166' title='bbox 1168 2294 1283 2346; x_wconf 86' lang='lat' dir='ltr'>nactus</span> 
     </span>
     <span class='ocr_line' id='line_1_22' title="bbox 234 2385 1284 2471; baseline -0.009 -19"><span class='ocrx_word' id='word_1_167' title='bbox 234 2402 335 2464; x_wconf 91' lang='lat' dir='ltr'>esset,</span> <span class='ocrx_word' id='word_1_168' title='bbox 349 2390 519 2455; x_wconf 90' lang='lat' dir='ltr'>—omitto</span> <span class='ocrx_word' id='word_1_169' title='bbox 543 2389 667 2461; x_wconf 87' lang='lat' dir='ltr'>socios,</span> <span class='ocrx_word' id='word_1_170' title='bbox 687 2398 820 2450; x_wconf 84' lang='lat' dir='ltr'>exteras</span> <span class='ocrx_word' id='word_1_171' title='bbox 845 2385 1011 2460; x_wconf 86' lang='lat' dir='ltr'>nationes,</span> <span class='ocrx_word' id='word_1_172' title='bbox 1033 2405 1148 2471; x_wconf 78' lang='lat' dir='ltr'>regeS,</span> <span class='ocrx_word' id='word_1_173' title='bbox 1172 2395 1284 2447; x_wconf 88' lang='lat' dir='ltr'>tetrar-</span> 
     </span>
     <span class='ocr_line' id='line_1_23' title="bbox 235 2483 1284 2568; baseline -0.008 -16"><span class='ocrx_word' id='word_1_174' title='bbox 235 2491 339 2563; x_wconf 82' lang='lat' dir='ltr'>chas3</span> <span class='ocrx_word' id='word_1_175' title='bbox 369 2503 446 2555; x_wconf 88' lang='lat' dir='ltr'>vota</span> <span class='ocrx_word' id='word_1_176' title='bbox 470 2490 561 2555; x_wconf 90' lang='lat' dir='ltr'>enim</span> <span class='ocrx_word' id='word_1_177' title='bbox 585 2485 754 2561; x_wconf 83' lang='lat' dir='ltr'>faceretis,</span> <span class='ocrx_word' id='word_1_178' title='bbox 772 2499 809 2550; x_wconf 94' lang='lat' dir='ltr'>ut</span> <span class='ocrx_word' id='word_1_179' title='bbox 824 2486 858 2549; x_wconf 92' lang='lat' dir='ltr'>in</span> <span class='ocrx_word' id='word_1_180' title='bbox 875 2505 934 2550; x_wconf 86' lang='lat' dir='ltr'>eos</span> <span class='ocrx_word' id='word_1_181' title='bbox 950 2505 986 2549; x_wconf 91' lang='lat' dir='ltr'>se</span> <span class='ocrx_word' id='word_1_182' title='bbox 1004 2484 1113 2568; x_wconf 93' lang='lat' dir='ltr'>potius</span> <span class='ocrx_word' id='word_1_183' title='bbox 1130 2483 1284 2547; x_wconf 89' lang='lat' dir='ltr'>immitte-</span> 
     </span>
     <span class='ocr_line' id='line_1_24' title="bbox 235 2587 1283 2676; baseline -0.009 -24"><span class='ocrx_word' id='word_1_184' title='bbox 235 2601 285 2652; x_wconf 89' lang='lat' dir='ltr'>ret</span> <span class='ocrx_word' id='word_1_185' title='bbox 309 2613 410 2676; x_wconf 92' lang='lat' dir='ltr'>quam</span> <span class='ocrx_word' id='word_1_186' title='bbox 439 2591 472 2655; x_wconf 91' lang='lat' dir='ltr'>in</span> <span class='ocrx_word' id='word_1_187' title='bbox 493 2604 624 2656; x_wconf 88' lang='lat' dir='ltr'>vestras</span> <span class='ocrx_word' id='word_1_188' title='bbox 644 2587 888 2672; x_wconf 92' lang='lat' dir='ltr'>possessiones,</span> <span class='ocrx_word' id='word_1_189' title='bbox 907 2597 1019 2648; x_wconf 87' lang='lat' dir='ltr'>vestra</span> <span class='ocrx_word' id='word_1_190' title='bbox 1037 2594 1139 2658; x_wconf 89' lang='lat' dir='ltr'>tecta,</span> <span class='ocrx_word' id='word_1_191' title='bbox 1158 2593 1283 2648; x_wconf 88' lang='lat' dir='ltr'>vestras</span> 
     </span>
     <span class='ocr_line' id='line_1_25' title="bbox 234 2681 1284 2777; baseline -0.01 -24"><span class='ocrx_word' id='word_1_192' title='bbox 234 2691 397 2774; x_wconf 87' lang='lat' dir='ltr'>pecunias</span> <span class='ocrx_word' id='word_1_193' title='bbox 411 2690 643 2777; x_wconf 77' lang='lat' dir='ltr'>z—pecunias</span> <span class='ocrx_word' id='word_1_194' title='bbox 659 2683 770 2766; x_wconf 63' lang='lat' dir='ltr'>dico?</span> <span class='ocrx_word' id='word_1_195' title='bbox 784 2705 804 2749; x_wconf 90' lang='lat' dir='ltr'>a</span> <span class='ocrx_word' id='word_1_196' title='bbox 821 2685 935 2766; x_wconf 82' lang='lat' dir='ltr'>liberis</span> <span class='ocrx_word' id='word_1_197' title='bbox 949 2685 1017 2770; x_wconf 87' lang='lat' dir='ltr'>(me</span> <span class='ocrx_word' id='word_1_198' title='bbox 1034 2684 1110 2748; x_wconf 90' lang='lat' dir='ltr'>dius</span> <span class='ocrx_word' id='word_1_199' title='bbox 1127 2681 1243 2764; x_wconf 77' lang='lat' dir='ltr'>fidius)</span> <span class='ocrx_word' id='word_1_200' title='bbox 1256 2690 1284 2744; x_wconf 87' lang='lat' dir='ltr'>et</span> 
     </span>
     <span class='ocr_line' id='line_1_26' title="bbox 182 2778 1282 2878; baseline -0.008 -25"><span class='ocrx_word' id='word_1_201' title='bbox 182 2793 215 2846; x_wconf 84' lang='lat'>25</span> <span class='ocrx_word' id='word_1_202' title='bbox 235 2810 253 2852; x_wconf 90' lang='lat' dir='ltr'>a</span> <span class='ocrx_word' id='word_1_203' title='bbox 271 2791 475 2878; x_wconf 85' lang='lat' dir='ltr'>conjugibus</span> <span class='ocrx_word' id='word_1_204' title='bbox 488 2792 607 2856; x_wconf 87' lang='lat' dir='ltr'>vestris</span> <span class='ocrx_word' id='word_1_205' title='bbox 620 2778 808 2873; x_wconf 85' lang='lat' dir='ltr'>numquam</span> <span class='ocrx_word' id='word_1_206' title='bbox 823 2785 879 2850; x_wconf 88' lang='lat' dir='ltr'>ille</span> <span class='ocrx_word' id='word_1_207' title='bbox 892 2783 1075 2849; x_wconf 89' lang='lat' dir='ltr'>effrenatas</span> <span class='ocrx_word' id='word_1_208' title='bbox 1092 2805 1172 2848; x_wconf 92' lang='lat' dir='ltr'>suas</span> <span class='ocrx_word' id='word_1_209' title='bbox 1189 2780 1282 2847; x_wconf 91' lang='lat' dir='ltr'>libid·</span> 
     </span>
     <span class='ocr_line' id='line_1_27' title="bbox 233 2885 1281 2976; baseline -0.008 -25"><span class='ocrx_word' id='word_1_210' title='bbox 233 2887 306 2954; x_wconf 92' lang='lat' dir='ltr'>ines</span> <span class='ocrx_word' id='word_1_211' title='bbox 320 2892 538 2956; x_wconf 89' lang='lat' dir='ltr'>cohibuisset.</span> <span class='ocrx_word' id='word_1_212' title='bbox 580 2889 683 2976; x_wconf 83' lang='lat' dir='ltr'>Fingi</span> <span class='ocrx_word' id='word_1_213' title='bbox 702 2889 788 2951; x_wconf 88' lang='lat' dir='ltr'>haec</span> <span class='ocrx_word' id='word_1_214' title='bbox 802 2885 938 2971; x_wconf 88' lang='lat' dir='ltr'>putatis,</span> <span class='ocrx_word' id='word_1_215' title='bbox 953 2904 1041 2970; x_wconf 86' lang='lat' dir='ltr'>quae</span> <span class='ocrx_word' id='word_1_216' title='bbox 1054 2895 1183 2968; x_wconf 88' lang='lat' dir='ltr'>patent,</span> <span class='ocrx_word' id='word_1_217' title='bbox 1198 2900 1281 2969; x_wconf 89' lang='lat' dir='ltr'>quae</span> 
     </span>
     <span class='ocr_line' id='line_1_28' title="bbox 232 2983 1280 3076; baseline -0.008 -25"><span class='ocrx_word' id='word_1_218' title='bbox 232 3001 311 3052; x_wconf 88' lang='lat' dir='ltr'>nota</span> <span class='ocrx_word' id='word_1_219' title='bbox 329 3003 406 3055; x_wconf 92' lang='lat' dir='ltr'>sunt</span> <span class='ocrx_word' id='word_1_220' title='bbox 421 2991 591 3065; x_wconf 90' lang='lat' dir='ltr'>omnibus,</span> <span class='ocrx_word' id='word_1_221' title='bbox 611 3011 699 3076; x_wconf 90' lang='lat' dir='ltr'>quae</span> <span class='ocrx_word' id='word_1_222' title='bbox 717 2984 894 3052; x_wconf 88' lang='lat' dir='ltr'>tenentur?</span> <span class='ocrx_word' id='word_1_223' title='bbox 919 3005 1093 3049; x_wconf 87' lang='lat' dir='ltr'>servorum</span> <span class='ocrx_word' id='word_1_224' title='bbox 1117 2983 1280 3047; x_wconf 88' lang='lat' dir='ltr'>exercitus</span> 
     </span>
     <span class='ocr_line' id='line_1_29' title="bbox 231 3085 1278 3176; baseline -0.005 -26"><span class='ocrx_word' id='word_1_225' title='bbox 231 3087 327 3152; x_wconf 92' lang='lat' dir='ltr'>illum</span> <span class='ocrx_word' id='word_1_226' title='bbox 357 3089 390 3154; x_wconf 89' lang='lat' dir='ltr'>in</span> <span class='ocrx_word' id='word_1_227' title='bbox 422 3091 506 3156; x_wconf 90' lang='lat' dir='ltr'>urbe</span> <span class='ocrx_word' id='word_1_228' title='bbox 538 3091 808 3176; x_wconf 87' lang='lat' dir='ltr'>conscripturum</span> <span class='ocrx_word' id='word_1_229' title='bbox 839 3085 957 3159; x_wconf 84' lang='lat' dir='ltr'>fuisse,</span> <span class='ocrx_word' id='word_1_230' title='bbox 984 3106 1046 3169; x_wconf 91' lang='lat' dir='ltr'>per</span> <span class='ocrx_word' id='word_1_231' title='bbox 1072 3105 1157 3171; x_wconf 93' lang='lat' dir='ltr'>quos</span> <span class='ocrx_word' id='word_1_232' title='bbox 1180 3094 1278 3148; x_wconf 90' lang='lat' dir='ltr'>totam</span> 
     </span>
     <span class='ocr_line' id='line_1_30' title="bbox 231 3181 1278 3277; baseline -0.005 -26"><span class='ocrx_word' id='word_1_233' title='bbox 231 3210 303 3252; x_wconf 90' lang='lat' dir='ltr'>rem</span> <span class='ocrx_word' id='word_1_234' title='bbox 322 3191 493 3274; x_wconf 90' lang='lat' dir='ltr'>publicam</span> <span class='ocrx_word' id='word_1_235' title='bbox 511 3212 633 3277; x_wconf 88' lang='lat' dir='ltr'>resque</span> <span class='ocrx_word' id='word_1_236' title='bbox 651 3191 800 3275; x_wconf 92' lang='lat' dir='ltr'>privatas</span> <span class='ocrx_word' id='word_1_237' title='bbox 827 3186 979 3252; x_wconf 92' lang='lat' dir='ltr'>omnium</span> <span class='ocrx_word' id='word_1_238' title='bbox 1007 3181 1217 3269; x_wconf 89' lang='lat' dir='ltr'>possideret?</span> <span class='ocrx_word' id='word_1_239' title='bbox 1239 3198 1278 3246; x_wconf 74' lang='grc' dir='ltr'>π.</span> 
     </span>
     <span class='ocr_line' id='line_1_31' title="bbox 180 3285 1277 3376; baseline -0.005 -25"><span class='ocrx_word' id='word_1_240' title='bbox 180 3292 215 3345; x_wconf 87' lang='lat'>3⁰</span> <span class='ocrx_word' id='word_1_241' title='bbox 233 3286 349 3371; x_wconf 72' lang='lat' dir='ltr'>Quam</span> <span class='ocrx_word' id='word_1_242' title='bbox 376 3292 419 3355; x_wconf 94' lang='lat' dir='ltr'>ob</span> <span class='ocrx_word' id='word_1_243' title='bbox 442 3313 513 3354; x_wconf 91' lang='lat' dir='ltr'>rem</span> <span class='ocrx_word' id='word_1_244' title='bbox 538 3291 565 3356; x_wconf 93' lang='lat' dir='ltr'>si</span> <span class='ocrx_word' id='word_1_245' title='bbox 593 3302 769 3354; x_wconf 87' lang='lat' dir='ltr'>cruentum</span> <span class='ocrx_word' id='word_1_246' title='bbox 797 3287 952 3376; x_wconf 86' lang='lat' dir='ltr'>gladium</span> <span class='ocrx_word' id='word_1_247' title='bbox 978 3296 1098 3349; x_wconf 87' lang='lat' dir='ltr'>tenens</span> <span class='ocrx_word' id='word_1_248' title='bbox 1121 3285 1277 3348; x_wconf 88' lang='lat' dir='ltr'>clamaret</span> 
     </span>
     <span class='ocr_line' id='line_1_32' title="bbox 230 3381 1273 3474; baseline -0.009 -22"><span class='ocrx_word' id='word_1_249' title='bbox 230 3387 276 3451; x_wconf 92' lang='lat' dir='ltr'>T.</span> <span class='ocrx_word' id='word_1_250' title='bbox 295 3387 452 3454; x_wconf 86' lang='lat' dir='ltr'>Annius:</span> <span class='ocrx_word' id='word_1_251' title='bbox 484 3389 649 3464; x_wconf 87' lang='lat' dir='ltr'>‘Adeste,</span> <span class='ocrx_word' id='word_1_252' title='bbox 667 3409 808 3474; x_wconf 91' lang='lat' dir='ltr'>quaeso,</span> <span class='ocrx_word' id='word_1_253' title='bbox 828 3399 928 3473; x_wconf 89' lang='lat' dir='ltr'>atque</span> <span class='ocrx_word' id='word_1_254' title='bbox 957 3384 1084 3459; x_wconf 92' lang='lat' dir='ltr'>audite,</span> <span class='ocrx_word' id='word_1_255' title='bbox 1103 3383 1216 3448; x_wconf 87' lang='lat' dir='ltr'>cives:</span> <span class='ocrx_word' id='word_1_256' title='bbox 1238 3381 1273 3446; x_wconf 95' lang='grc' dir='ltr'>Ρ.</span> 
     </span>
     <span class='ocr_line' id='line_1_33' title="bbox 230 3480 1273 3577; baseline -0.005 -27"><span class='ocrx_word' id='word_1_257' title='bbox 230 3484 390 3552; x_wconf 90' lang='lat' dir='ltr'>Clodium</span> <span class='ocrx_word' id='word_1_258' title='bbox 408 3489 581 3562; x_wconf 67' lang='lat' dir='ltr'>interfeci}</span> <span class='ocrx_word' id='word_1_259' title='bbox 607 3489 680 3577; x_wconf 89' lang='lat' dir='ltr'>ejus</span> <span class='ocrx_word' id='word_1_260' title='bbox 705 3486 848 3561; x_wconf 86' lang='lat' dir='ltr'>furores,</span> <span class='ocrx_word' id='word_1_261' title='bbox 873 3507 958 3572; x_wconf 93' lang='lat' dir='ltr'>quos</span> <span class='ocrx_word' id='word_1_262' title='bbox 977 3483 1078 3549; x_wconf 89' lang='lat' dir='ltr'>nullis</span> <span class='ocrx_word' id='word_1_263' title='bbox 1098 3482 1170 3570; x_wconf 89' lang='lat' dir='ltr'>jam</span> <span class='ocrx_word' id='word_1_264' title='bbox 1197 3480 1273 3568; x_wconf 81' lang='lat' dir='ltr'>legi-</span> 
     </span>
     <span class='ocr_line' id='line_1_34' title="bbox 229 3583 1273 3677; baseline -0.004 -29"><span class='ocrx_word' id='word_1_265' title='bbox 229 3585 306 3662; x_wconf 88' lang='lat' dir='ltr'>bus,</span> <span class='ocrx_word' id='word_1_266' title='bbox 326 3588 427 3652; x_wconf 92' lang='lat' dir='ltr'>nullis</span> <span class='ocrx_word' id='word_1_267' title='bbox 448 3588 586 3677; x_wconf 84' lang='lat' dir='ltr'>judiciis</span> <span class='ocrx_word' id='word_1_268' title='bbox 603 3588 737 3652; x_wconf 80' lang='lat' dir='ltr'>frenare</span> <span class='ocrx_word' id='word_1_269' title='bbox 754 3598 963 3671; x_wconf 89' lang='lat' dir='ltr'>poteramus,</span> <span class='ocrx_word' id='word_1_270' title='bbox 979 3586 1045 3649; x_wconf 91' lang='lat' dir='ltr'>hoc</span> <span class='ocrx_word' id='word_1_271' title='bbox 1061 3584 1151 3648; x_wconf 84' lang='lat' dir='ltr'>ferro</span> <span class='ocrx_word' id='word_1_272' title='bbox 1168 3592 1200 3648; x_wconf 92' lang='lat' dir='ltr'>et</span> <span class='ocrx_word' id='word_1_273' title='bbox 1216 3583 1273 3645; x_wconf 92' lang='lat' dir='ltr'>hac</span> 
     </span>
     <span class='ocr_line' id='line_1_35' title="bbox 230 3684 1270 3769; baseline -0.003 -23"><span class='ocrx_word' id='word_1_274' title='bbox 230 3684 370 3749; x_wconf 84' lang='lat' dir='ltr'>dextera</span> <span class='ocrx_word' id='word_1_275' title='bbox 391 3709 411 3749; x_wconf 91' lang='lat' dir='ltr'>a</span> <span class='ocrx_word' id='word_1_276' title='bbox 431 3687 619 3751; x_wconf 90' lang='lat' dir='ltr'>cervicibus</span> <span class='ocrx_word' id='word_1_277' title='bbox 635 3687 755 3750; x_wconf 87' lang='lat' dir='ltr'>vestris</span> <span class='ocrx_word' id='word_1_278' title='bbox 780 3685 927 3769; x_wconf 90' lang='lat' dir='ltr'>reppuli,</span> <span class='ocrx_word' id='word_1_279' title='bbox 945 3706 1006 3769; x_wconf 92' lang='lat' dir='ltr'>per</span> <span class='ocrx_word' id='word_1_280' title='bbox 1033 3705 1086 3748; x_wconf 88' lang='lat' dir='ltr'>me</span> <span class='ocrx_word' id='word_1_281' title='bbox 1111 3695 1148 3747; x_wconf 92' lang='lat' dir='ltr'>ut</span> <span class='ocrx_word' id='word_1_282' title='bbox 1175 3701 1270 3746; x_wconf 91' lang='lat' dir='ltr'>unum</span> 
     </span>
     <span class='ocr_line' id='line_1_36' title="bbox 177 3782 1271 3870; baseline -0.002 -25"><span class='ocrx_word' id='word_1_283' title='bbox 177 3791 211 3846; x_wconf 85' lang='grc'>35</span> <span class='ocrx_word' id='word_1_284' title='bbox 227 3782 296 3866; x_wconf 93' lang='lat' dir='ltr'>jus,</span> <span class='ocrx_word' id='word_1_285' title='bbox 312 3786 476 3868; x_wconf 89' lang='lat' dir='ltr'>aequitas,</span> <span class='ocrx_word' id='word_1_286' title='bbox 492 3787 600 3870; x_wconf 79' lang='lat' dir='ltr'>legeS,</span> <span class='ocrx_word' id='word_1_287' title='bbox 616 3785 765 3855; x_wconf 88' lang='lat' dir='ltr'>libertas,</span> <span class='ocrx_word' id='word_1_288' title='bbox 781 3784 903 3867; x_wconf 87' lang='lat' dir='ltr'>pudor,</span> <span class='ocrx_word' id='word_1_289' title='bbox 919 3783 1082 3867; x_wconf 84' lang='lat' dir='ltr'>pudicitia</span> <span class='ocrx_word' id='word_1_290' title='bbox 1095 3783 1129 3846; x_wconf 93' lang='lat' dir='ltr'>in</span> <span class='ocrx_word' id='word_1_291' title='bbox 1146 3783 1271 3848; x_wconf 88' lang='lat' dir='ltr'>civitate</span> 
     </span>
     <span class='ocr_line' id='line_1_37' title="bbox 231 3879 1271 3966; baseline 0.001 -24"><span class='ocrx_word' id='word_1_292' title='bbox 231 3881 424 3946; x_wconf 88' lang='lat' dir='ltr'>maneretl&#39;</span> <span class='ocrx_word' id='word_1_293' title='bbox 462 3893 552 3946; x_wconf 89' lang='lat' dir='ltr'>esset</span> <span class='ocrx_word' id='word_1_294' title='bbox 584 3903 666 3945; x_wconf 90' lang='lat' dir='ltr'>vero</span> <span class='ocrx_word' id='word_1_295' title='bbox 697 3881 899 3955; x_wconf 88' lang='lat' dir='ltr'>timendum,</span> <span class='ocrx_word' id='word_1_296' title='bbox 930 3901 1080 3966; x_wconf 86' lang='lat' dir='ltr'>quonam</span> <span class='ocrx_word' id='word_1_297' title='bbox 1113 3882 1214 3947; x_wconf 91' lang='lat' dir='ltr'>modo</span> <span class='ocrx_word' id='word_1_298' title='bbox 1242 3879 1271 3944; x_wconf 93' lang='lat' dir='ltr'>id</span> 
     </span>
    </p>
   </div>
   <div class='ocr_carea' id='block_1_3' title="bbox 0 0 1370 4266">
    <p class='ocr_par' dir='ltr' id='par_1_3' title="bbox 0 0 1370 4266">
     <span class='ocr_line' id='line_1_38' title="bbox 0 0 1370 4266; baseline 0 0"><span class='ocrx_word' id='word_1_299' title='bbox 0 0 1370 4266; x_wconf 95' lang='lat' dir='ltr'> </span> 
     </span>
    </p>
   </div>
  </div>
 </body>
</html>
