2668 4262
51 191 154 261 1v.8.]
310 193 408 259 What
431 195 525 258 shall
546 195 584 259 be
608 194 664 259 tlte
688 190 887 259 sentence?
1057 207 1119 278 1²5

49 396 153 461 sulis.
210 395 294 483 Ego
320 417 484 484 magnum
501 395 537 460 in
554 417 590 461 re
608 395 745 481 publica
763 394 890 460 versari
908 393 1070 467 furorem,
1089 404 1122 458 et

49 517 147 560 nova
171 497 352 582 quaedam
380 496 514 560 misceri
540 509 573 562 et
590 495 752 560 concitari
776 496 866 558 mala
888 495 959 582 jam
988 495 1120 578 pridem

48 597 227 660 videbam
243 620 252 668 ;
270 598 329 661 sed
348 599 438 662 banc
458 608 601 671 tantam,
620 607 689 660 tam
707 595 885 660 exitiosam
904 594 1022 659 haberi
1041 615 1122 658 con·

47 696 273 784 jurationem
301 717 320 760 a
346 697 477 761 civibus
506 717 693 783 numquam
722 696 852 780 putavi.
901 694 1005 759 Nunc
1027 694 1122 780 quic·

48 796 139 882 quid
166 809 239 872 est,
261 817 477 882 quocumque
505 808 638 861 vestrae
667 809 797 860 mentes
826 795 991 860 inclinant
1019 806 1120 881 atque
1155 824 1171 878 ς

49 897 273 972 sententiae,
291 898 506 962 statuendum
524 895 620 961 vobis
637 909 715 960 ante
736 908 869 960 noctem
887 908 949 960 est.
1000 893 1121 980 Qan-

48 1008 126 1059 tum
147 997 293 1062 facinus
309 998 353 1061 ad
371 1019 430 1062 vos
447 998 597 1061 delatum
616 996 658 1060 sit
670 996 803 1060 videtis.
839 995 931 1059 Huic
947 995 975 1060 si
993 1017 1121 1080 paucos

50 1096 190 1180 putatis
211 1097 337 1161 adfinis
353 1118 443 1171 esse,
460 1098 682 1161 vehementer
698 1096 830 1161 erratis.
879 1095 1000 1160 Latius
1025 1096 1122 1180 opin-

50 1196 135 1260 ione
155 1197 424 1261 disseminatum
442 1209 493 1261 est
510 1198 575 1262 hoc
592 1199 742 1261 malum:
761 1196 912 1262 manavit
925 1218 994 1261 non
1011 1198 1122 1261 solum

51 1317 117 1379 per
135 1296 296 1370 Italiam,
313 1318 430 1360 verum
457 1296 558 1360 etiam
575 1297 784 1362 transcendit
797 1295 909 1381 Alpis,
929 1307 962 1360 et
977 1297 1121 1360 obscure
1139 1329 1168 1365 ιο

51 1417 211 1481 serpeus
232 1397 355 1460 multas
367 1396 439 1483 jam
458 1397 651 1481 provincias
676 1397 869 1481 occupavit.
919 1396 958 1460 Id
975 1395 1120 1480 opprimi

53 1497 294 1560 sustentando
319 1517 360 1561 ac
384 1497 587 1581 prolatando
612 1497 705 1562 nullo
730 1509 830 1581 pacto
854 1509 976 1580 potest.
1026 1494 1123 1580 Qa-

54 1617 217 1683 cumque
232 1596 362 1661 ratione
380 1597 503 1681 placet,
519 1597 675 1661 celeriter
687 1597 782 1661 vobis
797 1596 1040 1660 vindicandum
1057 1609 1120 1660 est.

103 1717 159 1760 tv.
188 1711 220 1758 τ.
243 1696 356 1762 Video
381 1698 495 1761 adbuc
516 1697 602 1760 duas
626 1719 701 1762 esse
722 1697 927 1761 sententias:
952 1718 1055 1760 unam
1075 1697 1119 1760 D.
1184 1734 1187 1742 ·
1216 1725 1219 1735 ,
1248 1724 1251 1732 .

56 1794 192 1872 Silani,
222 1797 279 1883 qni
308 1808 425 1862 censet
450 1819 521 1869 eos,
549 1797 606 1883 qui
634 1798 721 1860 haec
751 1798 866 1862 delere
892 1797 1003 1862 conati
1030 1809 1120 1871 sunt,
1138 1830 1167 1882 ις

57 1911 174 1962 morte
193 1919 272 1962 esse
290 1898 505 1971 multandos3
523 1898 664 1962 alteram
681 1895 724 1962 C.
738 1895 912 1973 Caesaris,
931 1898 989 1984 qui
1007 1897 1123 1963 mortis

58 2017 220 2080 poenam
238 2009 399 2072 removet,
424 2009 613 2063 ceterorum
639 1997 884 2083 suppliciorum
900 1998 1011 2064 omnis
1028 2020 1123 2063 acer·

58 2097 191 2164 bitates
218 2099 443 2184 amplectitur.
493 2099 646 2185 Uterque
668 2112 702 2164 et
726 2122 787 2184 pro
813 2121 875 2165 sua
901 2100 1066 2188 dignitate
1091 2110 1124 2165 et

60 2217 125 2282 pro
144 2221 264 2266 rerum
290 2200 526 2288 magnitudine
543 2201 578 2265 in
600 2223 735 2265 summa
759 2203 936 2268 severitate
954 2213 1119 2268 versatur.

63 2297 167 2366 Alter
190 2303 330 2388 eosqui
352 2325 415 2368 nos
438 2302 563 2376 omnis,
589 2301 664 2389 [qui
693 2305 857 2388 populum
887 2301 1118 2390 Romanum]
1137 2331 1168 2367 20

63 2399 135 2464 vita
166 2402 304 2488 privare
337 2404 449 2468 conati
486 2415 576 2476 sunt,
605 2403 663 2489 qui
693 2405 808 2468 delere
840 2405 1034 2489 imperium,
1064 2403 1122 2489 qui

65 2503 189 2586 populi
208 2502 359 2568 Romani
376 2524 502 2567 nornen
526 2502 758 2590 exstinguere,
777 2495 941 2589 punctum
962 2503 1123 2588 temporis

65 2600 132 2666 srui
151 2603 223 2667 vita
247 2616 280 2668 et
303 2605 369 2669 hoc
392 2603 565 2668 communi
590 2605 710 2689 spiritu
735 2625 802 2668 non
828 2617 922 2689 putat
945 2618 1122 2689 oportere3

68 2713 173 2789 atque
201 2705 266 2769 hoc
292 2725 402 2791 genus
428 2725 560 2790 poenae
587 2725 690 2788 saepe
717 2705 751 2768 in
777 2706 950 2789 improbos
979 2705 1063 2769 civis
1088 2704 1122 2768 in

68 2801 193 2868 haere
213 2804 350 2888 publica
374 2824 449 2867 esse
474 2814 674 2887 usurpatum
700 2806 909 2869 recordatur.
958 2804 1056 2869 Alter
1072 2804 1123 2867 in·
1137 2831 1167 2882 ²5

68 2902 204 2990 tellegit
220 2916 362 2967 mortem
380 2904 423 2968 ab
448 2903 500 2967 dis
523 2904 770 2969 immortalibus
793 2927 861 2970 non
881 2927 956 2970 esse
976 2904 1121 2990 supplici

69 3021 178 3067 causa
203 3005 431 3076 constitutam,
457 3004 518 3067 sed
543 3015 601 3067 aut
626 3005 863 3069 necessitatem
887 3018 1043 3079 naturae,
1066 3016 1123 3068 aut

70 3100 228 3167 laborum
246 3125 287 3168 ac
302 3103 515 3168 miseriarum
532 3103 692 3190 quietem.
722 3104 840 3190 Itaque
858 3127 934 3170 eam
952 3106 1122 3191 sapientes

72 3220 259 3290 numquam
282 3203 390 3278 inviti,
409 3203 512 3268 sortes
535 3224 639 3288 saepe
664 3205 765 3268 etiam
791 3205 934 3270 libenter
949 3207 1123 3290 oppetive-

75 3313 162 3367 runt.
211 3303 361 3367 Vincula
377 3323 459 3368 vero
484 3313 517 3367 et
533 3323 573 3367 ea
598 3303 804 3389 sempiterna
828 3317 918 3370 certe
943 3307 987 3370 ad
1005 3305 1123 3393 singu·
1138 3333 1169 3382 30

75 3397 182 3468 larem
196 3423 343 3488 poenam
362 3402 481 3466 nefarii
499 3403 638 3468 sceleris
654 3404 792 3468 inventa
805 3417 893 3468 sunt.
922 3405 1122 3491 Municipiis

76 3497 241 3586 dispertiri
255 3502 363 3590 jubet.
407 3502 546 3567 Habere
563 3503 697 3567 videtur
712 3503 775 3568 ista
793 3525 848 3568 res
865 3504 1075 3590 iniquitatem
1094 3506 1121 3570 si

76 3596 241 3687 imperare
270 3603 367 3676 velis,
398 3602 630 3667 difficultatem
658 3603 685 3668 si
712 3625 848 3691 rogare.
909 3605 1121 3670 Decernatur

77 3706 200 3777 tamen,
215 3702 242 3768 si
257 3703 380 3788 placet.
418 3716 445 3762 8.
470 3701 547 3789 Ego
564 3703 656 3767 enim
670 3704 869 3788 suscipiam,
884 3717 918 3769 et
933 3706 987 3793 (ut
1000 3707 1118 3790 spero)

77 3803 239 3885 reperiam
256 3803 314 3889 qui
331 3802 366 3866 id
383 3803 473 3887 quod
491 3802 609 3867 salutis
634 3804 787 3867 omnium
804 3826 909 3870 causa
925 3807 1119 3880 statueritis,
1143 3831 1172 3884 ³5

79 3917 142 3967 non
164 3913 282 3988 putent
305 3922 381 3967 esse
405 3923 490 3966 suae
522 3901 699 3989 dignitatis
722 3923 895 3969 recusare.
952 3904 1123 3993 Adjungit

344 4005 436 4074 solr-
456 4031 497 4062 ω
544 4011 567 4075 'l
