2668 4262
108 207 149 246 vr.
167 194 225 264 14]
421 195 492 262 The
523 197 649 285 Utility
673 201 719 282 of
738 197 890 263 Letters.
1100 215 1165 284 139

107 396 173 461 nisi
193 417 254 462 eos
273 397 427 462 doctrina
450 399 570 464 eadem
591 397 818 463 relaxemus?
865 397 943 484 Ego
959 419 1040 462 vero
1057 397 1165 463 fateor

108 519 162 560 me
185 497 242 565 his
260 499 381 562 studiis
401 520 476 562 esse
497 499 670 562 deditum:
700 512 830 564 ceteros
850 501 989 583 pudeat,
1008 499 1034 562 si
1052 499 1109 584 qui
1127 520 1164 563 se

105 597 151 660 ita
176 598 298 662 litteris
318 598 522 662 abdiderunt
543 609 578 662 ut
600 599 684 663 nihil
708 599 837 682 possint
853 619 898 662 ex
917 599 967 662 eis
991 620 1101 684 neque
1119 599 1163 663 ad

105 719 330 762 communem
363 697 497 762 adferre
523 697 683 772 fructum,
714 719 825 784 neque
853 698 888 761 in
913 711 1089 782 aspectum
1114 700 1164 761 lu-

104 819 256 883 cemque
274 797 445 883 prolerre:
465 818 520 862 me
536 810 649 862 autem
668 799 750 884 quid
766 799 905 881 pudeat,
918 797 975 882 qui
993 809 1040 861 tot
1055 818 1165 862 annos
1195 831 1208 880 5

102 900 151 960 ita
169 899 265 970 vivo,
280 898 426 985 judiceS,
445 907 517 962 uta
535 898 661 962 nullius
687 918 849 984 umquam
869 919 922 962 me
938 910 1090 981 tempore
1108 908 1165 961 aut

103 998 293 1064 commodo
319 1009 376 1062 aut
401 997 505 1064 dtium
536 1019 650 1062 meum
680 997 895 1071 abstraxerit,
924 1008 981 1060 aut
1007 998 1164 1082 voluptas

102 1098 276 1171 avocarit,
295 1108 354 1162 aut
369 1099 517 1183 denique
542 1119 683 1162 somnus
707 1095 917 1161 retardarit?
961 1113 1003 1160 la.
1029 1093 1110 1180 Qua
1128 1119 1164 1161 re

102 1197 184 1282 quis
210 1198 349 1262 tandem
373 1219 427 1262 me
452 1196 694 1282 reprehendat,
713 1207 771 1260 aut
790 1196 865 1281 quis
886 1197 969 1261 mihi
993 1196 1069 1283 jure
1091 1218 1165 1260 sus·

104 1309 263 1372 censeat,
282 1297 323 1373 si,
347 1308 510 1384 quantum
544 1297 664 1362 ceteris
697 1295 742 1360 ad
773 1316 853 1360 suas
885 1318 940 1360 res
971 1296 1209 1369 obeundaS,10

103 1410 276 1482 quantum
294 1399 340 1462 ad
356 1399 458 1462 sestos
474 1397 547 1462 dies
567 1398 726 1462 ludorum
743 1396 981 1469 celebrandos,
998 1410 1162 1482 quantum

105 1498 150 1561 ad
168 1498 259 1562 alias
275 1499 467 1582 voluptates
490 1511 523 1561 et
539 1498 582 1562 ad
607 1497 717 1582 ipsam
735 1497 887 1581 requiem
912 1495 1014 1558 animi
1041 1507 1074 1558 et
1091 1515 1164 1559 cor-

103 1597 202 1681 poris
220 1598 418 1662 conceditur
434 1611 640 1681 temporum,
657 1611 822 1683 quantum
841 1595 898 1659 alii
915 1596 1065 1658 tribuunt
1081 1607 1163 1660 tem·

104 1698 252 1780 pestivis
268 1697 445 1772 conviviis,
464 1709 628 1782 quantum
657 1697 806 1782 denique
832 1696 978 1779 alueoIO,
997 1708 1162 1780 quantum

105 1796 216 1884 pilae,
243 1808 372 1862 tantum
398 1798 481 1860 mihi
506 1809 643 1883 egomet
662 1799 706 1862 ad
731 1799 819 1861 haec
841 1797 953 1860 studia
981 1796 1163 1860 recolenda
1180 1824 1210 1875 ¹5

105 1897 321 1983 sumpsero?
382 1896 498 1982 Atque
524 1899 588 1962 hoc
612 1897 689 1962 ideo
721 1897 803 1960 mihi
828 1897 1087 1962 concedendum
1113 1908 1164 1960 est

106 2001 239 2085 magis,
257 1999 349 2083 quod
366 2020 409 2062 ex
427 1997 480 2062 his
505 1997 624 2062 studiis
649 1999 735 2062 haec
758 2019 894 2083 quoque
918 2000 1041 2062 crescit
1056 1998 1163 2062 oratio

107 2109 140 2160 et
159 2099 307 2162 facultas
319 2121 327 2172 3
353 2119 454 2183 quae,
473 2109 750 2184 quantacumque
771 2098 805 2160 in
825 2107 955 2171 maest,
975 2119 1162 2184 numquam

107 2199 300 2271 amicorum
319 2197 479 2283 periculis
496 2197 611 2261 deluit.
657 2195 759 2281 Quae
776 2197 803 2262 si
822 2199 875 2262 cui
894 2199 1000 2263 levior
1018 2200 1161 2272 videtur,

106 2297 167 2362 illa
197 2298 338 2383 quidem
367 2309 470 2371 certe,
499 2319 588 2382 quae
620 2318 755 2360 summa
783 2312 874 2372 sunt,
904 2321 948 2364 ex
976 2322 1043 2386 quo
1072 2299 1211 2363 sontem

108 2397 269 2463 hauriam
298 2397 420 2462 sentio.
478 2413 520 2460 14.
545 2396 637 2460 Nam
667 2397 730 2461 nisi
760 2400 942 2464 multorum
973 2400 1163 2484 praeceptis

108 2498 295 2583 multisque
312 2497 431 2562 litteris
449 2497 530 2561 mihi
548 2498 591 2561 ab
608 2497 841 2562 adulescentia
862 2501 1060 2573 suasissem,
1079 2501 1163 2562 nihil

108 2618 188 2662 esse
216 2597 251 2661 in
279 2597 347 2660 vita
376 2619 504 2684 magno
535 2618 638 2682 opere
670 2600 899 2682 expetendum
930 2601 993 2664 nisi
1028 2601 1161 2664 laudem

109 2709 214 2785 atque
248 2700 472 2770 honestatem,
497 2697 530 2762 in
563 2718 605 2762 ea
638 2711 750 2762 autem
784 2701 1021 2785 persequenda
1054 2701 1164 2763 omnis

110 2799 283 2862 cruciatus
307 2799 471 2882 corporis,
490 2798 606 2863 omnia
631 2799 783 2882 pericula
810 2801 925 2864 mortis
941 2814 1041 2886 atque
1066 2799 1163 2863 exsili
1182 2824 1212 2874 ²5

111 2898 209 2980 parvi
227 2919 301 2962 esse
319 2898 490 2969 ducenda,
509 2919 697 2983 numquam
725 2921 778 2963 me
797 2921 857 2983 pro
874 2900 983 2963 salute
1001 2911 1111 2963 vestra
1129 2901 1164 2962 in

112 3007 160 3061 tot
183 3019 225 3062 ac
249 3008 361 3062 tantas
384 2997 621 3062 dimicationes
646 3010 746 3084 atque
768 3000 803 3063 in
821 3001 883 3064 hos
908 3000 1164 3086 profligatorum

113 3096 290 3162 hominum
313 3097 501 3162 cotidianos
527 3097 673 3182 impetus
701 3099 915 3186 objecissem.
975 3099 1045 3164 Sed
1073 3099 1165 3182 pleni

113 3217 233 3261 omnes
259 3209 337 3261 sunt
360 3186 450 3269 libri,
469 3198 593 3282 plenae
617 3199 822 3283 sapientium
844 3220 960 3273 voces,
981 3201 1081 3283 plena
1107 3221 1166 3262 ex-

116 3298 304 3382 emplorum
322 3309 492 3362 vetustas:
518 3318 608 3383 quae
632 3298 786 3384 jacerent
804 3299 837 3362 in
862 3300 1010 3362 tenebris
1034 3299 1163 3372 omnia,
1181 3324 1213 3372 30

116 3398 178 3461 nisi
202 3398 388 3461 litterarum
406 3398 521 3462 lumen
547 3398 738 3462 accederet.
789 3396 905 3482 Qam
927 3400 1050 3462 multas
1067 3399 1164 3462 nobis
1231 3481 1234 3487 .

116 3494 284 3583 imagines
297 3519 421 3561 -non
440 3499 551 3561 solum
569 3498 612 3561 ad
630 3497 845 3572 intuendum,
863 3520 982 3562 verum
1000 3499 1101 3562 etiam
1121 3499 1164 3562 ad

116 3594 643 3662 imitandum-fortissimorum
673 3597 822 3662 virorum
851 3619 1033 3682 expressas
1059 3599 1166 3682 scrip-

117 3704 203 3762 tores
219 3708 252 3761 et
269 3696 394 3762 Graeci
411 3709 445 3760 et
460 3695 574 3760 Latini
593 3697 801 3782 reliquerunt
818 3697 832 3762 ?
881 3697 980 3780 Quas
998 3720 1065 3784 ego
1083 3698 1164 3761 mihi

118 3816 249 3881 semper
271 3796 306 3859 in
331 3795 601 3860 administranda
630 3817 666 3859 re
695 3797 832 3878 publica
862 3819 1068 3881 proponens,
1094 3798 1165 3860 ani·
1184 3821 1215 3869 35

118 3917 209 3961 mum
224 3908 258 3961 et
273 3907 422 3960 mentem
445 3915 559 3958 meam
582 3895 657 3978 ipsa
677 3896 883 3981 cogitatione
909 3898 1084 3960 hominum
1106 3918 1163 3960 ex·

117 3997 312 4066 callentium
332 3993 602 4063 conformabam.
671 4030 673 4036 ,
