2714 4266
202 227 247 292 60
426 227 606 316 Pompey's
628 227 796 316 M'lz'tary
825 227 1025 294 Command.
1121 225 1262 298 [MAML-

246 443 274 490 s.
298 429 415 496 Causa
442 449 531 518 quae
559 429 602 496 sit
622 429 764 496 videtis:
793 451 886 496 nunc
908 429 992 518 quid
1013 430 1190 518 agendum
1212 430 1263 494 sit

201 532 427 596 considerate.
477 531 629 595 Primum
658 531 741 595 milri
770 531 902 594 videtur
929 532 972 595 de
1000 551 1129 618 genere
1157 530 1257 606 belli,

202 632 325 696 deinde
346 633 388 695 de
410 631 659 718 magnitudine,
681 643 751 694 tum
774 631 816 694 de
840 631 1043 715 imperatore
1067 631 1260 718 deligendo

202 753 277 797 esse
294 731 490 796 dicendum.
537 731 656 795 Genus
673 744 723 795 est
741 731 819 795 belli
837 731 910 819 ejus
928 731 1032 804 modi,
1047 733 1139 818 quod
1157 753 1259 800 max,-

175 832 269 908 5ime
287 843 414 896 vestros
433 832 564 896 animos
581 831 729 895 excitare
747 842 848 918 atque
871 830 1084 896 inflammare
1109 832 1153 896 ad
1177 853 1258 917 per-

202 932 366 1019 sequendi
380 933 528 996 studium
542 932 685 996 debeat:
711 931 744 994 in
758 953 825 1018 quo
839 931 951 1020 agitur
967 933 1084 1018 populi
1102 931 1257 996 Romani

141 1091 143 1094 .
203 1031 326 1120 gloria,
341 1053 430 1118 quae
447 1031 783 1120 vobisamajoribus
801 1052 878 1095 cum
897 1050 1025 1119 magna
1042 1032 1076 1094 in
1093 1031 1257 1096 omnibus
1342 1087 1343 1098 ,

202 1133 304 1196 rebus
331 1143 403 1197 tum
431 1153 565 1197 summa
594 1133 629 1196 in
657 1153 693 1196 re
721 1131 857 1196 militari
885 1133 1008 1197 tradita
1036 1143 1106 1207 est;
1140 1133 1257 1220 agitur
1342 1125 1343 1198 ³

203 1235 296 1298 salus
313 1233 482 1299 sociorum
500 1246 600 1320 atque
618 1233 820 1306 amicorum,
838 1254 900 1318 pro
924 1251 992 1320 qua
1017 1233 1122 1297 multa
1147 1225 1257 1322 majo-

159 1355 190 1390 ro
204 1356 258 1399 res
278 1333 379 1398 vestri
404 1354 532 1422 magna
557 1344 589 1397 et
611 1333 732 1421 gravia
756 1332 846 1398 bella
870 1345 1070 1420 gesserunt3
1104 1346 1257 1421 aguntur
1342 1327 1343 1403 ,

43 1483 47 1492 .
99 1453 152 1506 w,
203 1433 391 1500 certissima
409 1433 525 1518 populi
540 1431 691 1497 Romani
705 1432 888 1520 vectigalia
901 1445 934 1497 et
950 1433 1114 1508 maxima,
1130 1433 1256 1519 quibus
1342 1461 1343 1508 3

81 1527 94 1542 ”
203 1536 337 1600 amissis
355 1546 386 1598 et
402 1535 497 1620 pacis
514 1545 715 1598 ornamenta
732 1546 765 1597 et
781 1533 932 1598 subsidia
948 1533 1029 1598 belli
1054 1533 1255 1620 requiretis;
1342 1557 1343 1586 t

203 1647 352 1722 aguntur
369 1637 457 1699 bona
475 1634 656 1698 multorum
678 1633 818 1706 civium,
836 1634 959 1720 quibus
984 1647 1034 1698 est
1059 1655 1078 1697 a
1100 1634 1197 1698 vobis
1222 1645 1257 1698 et
1342 1639 1343 1689 i

203 1735 353 1820 ipsorum
372 1746 405 1799 et
421 1735 468 1798 rei
484 1734 644 1820 publicae
661 1754 766 1815 causa
783 1733 1043 1798 consulendum.
1082 1752 1134 1797 111.
1159 1748 1186 1795 τ.
1210 1733 1256 1796 Et
1342 1733 1343 1808 ἲ

160 1837 363 1922 ¹5qu0niam
397 1857 531 1920 semper
563 1845 761 1918 appetentes
793 1834 924 1921 gloriae
956 1845 1091 1918 praeter
1122 1845 1255 1898 ceteras
1342 1857 1343 1902 3

202 1937 314 2024 gentis
332 1947 431 2020 atque
449 1934 540 1998 avidi
557 1934 669 1997 laudis
689 1933 810 2008 fuistis,
830 1933 975 1998 delenda
1000 1944 1051 1998 est
1074 1933 1170 1997 vobis
1195 1933 1254 1996 illa

203 2037 339 2100 macula
360 2033 628 2122 [Mithridatico]
653 2033 742 2097 bello
767 2033 941 2117 superiore
967 2045 1144 2117 concepta,
1165 2053 1254 2119 quae
1342 2061 1343 2108 ς

203 2136 336 2220 penitus
357 2135 429 2222 jam
455 2133 577 2199 insedit
602 2154 642 2197 ac
660 2133 760 2196 nimis
778 2132 978 2196 inveteravit
995 2133 1028 2195 in
1047 2133 1162 2217 populi
1182 2133 1254 2197 Ro-
1342 2155 1343 2193 t

204 2235 295 2299 mani
309 2233 460 2309 nomine,
472 2271 516 2282 -
526 2235 615 2320 quod
630 2233 670 2308 is,
686 2232 743 2319 qui
757 2255 825 2297 uno
838 2233 906 2307 die,
919 2245 987 2297 tota
999 2233 1034 2296 in
1047 2231 1146 2306 Asia,
1159 2245 1205 2297 tot
1218 2233 1253 2296 in

158 2355 189 2388 20
203 2335 406 2409 civitatibus,
422 2356 490 2399 uno
502 2334 621 2398 nuntio
639 2345 739 2419 atque
757 2354 824 2396 una
842 2333 1091 2419 significatione
1109 2331 1254 2420 [littera
1342 2371 1343 2410 i

203 2435 296 2524 rum]
318 2435 400 2499 civis
418 2433 596 2498 Romanos
614 2433 787 2497 necandos
804 2433 1091 2518 trucidandosque
1113 2433 1253 2498 denota·

201 2537 261 2611 vit,
296 2559 363 2601 non
397 2537 496 2600 modo
529 2536 643 2598 adhuc
675 2555 821 2618 poenam
855 2534 985 2597 nullam
1015 2555 1078 2597 suo
1110 2534 1252 2620 dignam
1342 2531 1343 2554 ³

202 2638 331 2702 scelere
352 2637 513 2720 suscepit,
533 2635 592 2698 sed
614 2635 656 2698 ab
681 2634 740 2698 illo
763 2646 915 2719 tempore
941 2653 1068 2698 annum
1090 2633 1163 2721 jam
1188 2649 1252 2699 ter-

201 2738 284 2801 tium
299 2749 331 2802 et
343 2737 542 2801 vicesimum
556 2745 690 2820 regnat,
706 2745 738 2798 et
755 2733 800 2798 ita
813 2746 946 2820 regnat,
962 2746 998 2797 ut
1013 2755 1050 2798 se
1067 2755 1136 2798 non
1153 2734 1251 2798 Ponti

158 2857 188 2905 25
203 2859 312 2923 neque
330 2835 574 2922 Cappadociae
592 2833 729 2898 latebris
749 2835 921 2898 occultare
947 2833 1038 2906 velit,
1058 2834 1118 2897 sed
1143 2855 1253 2898 emer·
1342 2851 1343 2912 ξ

201 2959 284 3024 gere
302 2959 345 3001 ex
363 2937 470 3021 patrio
487 2956 594 3021 regno
612 2947 713 3020 atque
730 2933 765 2997 in
785 2933 905 2998 vestris
928 2933 1166 3020 vectigalibus
1187 2936 1251 2999 hoc

186 3048 263 3125 ¹est,
283 3038 316 3100 in
334 3035 439 3100 Asiae
457 3036 533 3099 luce
550 3033 691 3098 versari.
740 3046 767 3093 θ.
792 3031 926 3096 Etenim
945 3035 1057 3098 adhuc
1077 3034 1123 3097 ita
1146 3036 1250 3100 nostri
1342 3025 1343 3034 ¹

190 3131 278 3200 vcum
304 3138 361 3201 iilo
386 3157 467 3223 rege
492 3134 739 3199 contenderunt
759 3134 994 3219 imperatores,
1013 3146 1049 3198 ut
1065 3135 1109 3198 ab
1125 3135 1183 3199 ilio
1199 3135 1250 3200 in·
1342 3163 1343 3190 1

201 3237 314 3324 signia
345 3236 519 3308 victoriae,
545 3256 613 3298 non
643 3233 817 3299 victoriam
844 3244 1063 3318 reportarent.
1113 3234 1251 3300 Trium·

155 3357 186 3403 30
201 3338 319 3422 phavit
335 3335 378 3400 L.
395 3335 506 3409 Sulla,
520 3333 742 3419 triumphavit
758 3333 801 3398 L.
818 3333 966 3398 Murena
981 3334 1023 3399 de
1036 3334 1247 3411 Mithridate,

201 3437 268 3501 duo
294 3435 463 3501 fortissimi
489 3434 551 3498 viri
576 3446 609 3498 et
630 3433 753 3497 summi
777 3434 1019 3519 imperatores3
1049 3436 1109 3499 sed
1130 3435 1174 3501 ita
1193 3437 1248 3500 tri-

200 3539 421 3621 umpharunt,
437 3547 472 3598 ut
489 3535 544 3598 ille
563 3535 680 3618 pulsus
698 3546 946 3619 superatusque
964 3547 1134 3621 regnaret.
1180 3535 1248 3600 Ve-

201 3660 274 3700 rum
292 3649 406 3698 tamen
424 3636 489 3698 illis
507 3634 767 3717 imperatoribus
786 3634 860 3697 laus
880 3646 931 3697 est
954 3635 1134 3699 tribuenda
1158 3637 1246 3722 quod
1342 3627 1343 3638 ,

200 3747 356 3820 egerunt,
372 3733 471 3797 venia
489 3731 602 3795 danda
616 3732 707 3816 quod
725 3732 945 3817 reliquerunt,
961 3745 1141 3818 propterea
1158 3738 1246 3822 quod
1342 3811 1343 3814 Ἴ

156 3851 187 3898 35
201 3835 243 3896 ab
268 3855 309 3896 eo
332 3832 422 3895 bello
447 3830 581 3894 Sullam
605 3829 640 3892 in
664 3829 798 3894 ltaliam
818 3831 1040 3916 respublica,
1063 3833 1245 3900 Murenam

201 3930 299 3996 Sulla
323 3929 505 3995 revocavit.
526 4008 534 4019 ¹
