2668 4262
77 207 190 278 v·11·]
257 207 325 274 All
345 206 557 274 Scoundrcls
579 206 713 316 idrong
732 215 767 272 to
780 207 863 296 joz'n
887 207 970 272 hain.
1076 226 1136 273 101

124 429 165 476 v.
192 424 220 472 a.
243 408 357 496 Atque
373 408 499 498 atejus
516 407 651 474 diversa
669 407 780 473 studia
793 408 827 474 in
841 407 996 474 dissimili
1010 408 1138 474 ratione

76 511 278 598 perspicere
296 509 444 594 possitis,
463 531 565 574 nemo
582 509 682 572 estin
703 509 784 574 ludo
808 508 1012 596 gladiatorio
1036 510 1139 594 paulo

76 612 124 676 ad
143 611 278 675 facinus
294 609 470 683 audacior,
487 608 545 695 qui
563 629 599 674 se
616 630 685 673 non
709 608 865 673 intimum
878 606 1049 675 Catilinae
1064 630 1139 673 esse

75 711 249 784 fateatur;
275 731 376 774 nemo
392 708 427 772 in
445 729 571 773 scaena
589 708 696 773 levior
712 719 745 773 et
761 708 916 794 nequior,
934 713 992 795 qui
1010 730 1046 775 se
1071 730 1139 773 non

75 811 238 899 ejusdem
249 809 520 895 propesodalem
531 807 635 874 fuisse
646 820 901 874 commemoret.
925 807 1137 895 Atqueidem
1170 835 1186 890 5

75 921 212 986 tamen,
230 922 424 994 stuprorum
448 920 481 974 et
504 909 674 973 scelerum
697 908 940 974 exercitatione
961 908 1139 973 adsuefac-

75 1022 149 1087 tus,
169 1011 297 1098 frigore
313 1021 347 1075 et
362 1007 454 1074 farne
470 1020 504 1074 et
519 1008 571 1074 siti
594 1020 627 1074 et
650 1007 777 1096 vigiliis
802 1009 1026 1094 perferendis,
1045 1008 1139 1073 fortis

76 1113 125 1176 ab
151 1111 225 1178 istis
249 1109 524 1196 praedicabatur,
548 1129 627 1174 cum
651 1109 838 1174 industriae
862 1108 1014 1173 subsidia
1039 1119 1139 1195 atque

77 1211 309 1276 instrumenta
322 1209 452 1275 virtutis
468 1209 504 1273 in
521 1208 661 1274 libidine
678 1209 891 1295 audaciaque
909 1219 1136 1274 consumeret.
1146 1225 1172 1285 ts

76 1329 124 1376 to.
151 1310 257 1378 Hunc
279 1332 361 1376 vero
385 1308 413 1374 si
438 1309 545 1374 secuti
569 1321 668 1373 erunt
691 1309 744 1374 sui
768 1310 921 1384 comites,
940 1309 968 1373 si
990 1330 1035 1373 ex
1055 1309 1139 1373 urbe
1156 1337 1187 1372 ro

77 1412 230 1478 exierint
240 1411 498 1496 desperatorum
513 1409 690 1474 hominum
704 1409 865 1497 flagitiosi
878 1429 1017 1497 greges,
1033 1407 1140 1474 Onos

77 1511 223 1578 beatosl
256 1509 289 1576 O
313 1531 384 1575 rem
410 1509 584 1595 publicam
608 1508 836 1574 fortunatam!
869 1508 902 1575 Ο
926 1509 1140 1594 praeclaram

79 1614 224 1678 laudem
237 1612 434 1680 consulatus
448 1610 514 1676 mei
528 1609 536 1674 Ξ
572 1609 653 1676 Non
667 1609 757 1675 enim
771 1610 844 1699 jam
860 1621 938 1674 sunt
951 1610 1141 1674 mediocres

80 1713 263 1779 hominum
289 1711 460 1786 libidines,
479 1732 547 1776 non
572 1711 745 1776 humanae
762 1732 804 1776 ac
819 1711 1018 1776 tolerandae
1035 1711 1141 1774 auda-

80 1813 182 1878 ciae:
219 1811 303 1876 nihil
337 1811 489 1898 cogitant
516 1809 580 1876 nisi
604 1811 761 1887 caedem,
786 1811 851 1876 nisi
876 1811 1049 1886 incendia,
1075 1809 1140 1875 nisi
1158 1835 1188 1887 ις

81 1913 238 1999 rapinas.
286 1910 496 1976 Patrimonia
523 1931 586 1976 sua
617 1911 853 1996 profuderunt,
878 1911 1031 1976 fortunas
1062 1931 1141 1975 suas

81 2015 346 2101 obligaverunt:
370 2033 425 2078 res
441 2032 500 2076 eos
513 2010 585 2098 jam
603 2011 748 2096 pridem,
767 2012 853 2077 fides
869 2031 979 2097 nuper
994 2011 1141 2076 deficere

83 2113 221 2199 coepit:
252 2113 374 2178 eadem
402 2123 517 2177 tamen
545 2111 617 2186 illa,
636 2133 726 2198 quae
754 2124 827 2176 erat
853 2111 888 2176 in
917 2110 1140 2186 abundantia,
1203 2135 1204 2138 ¹

82 2215 192 2280 libido
205 2223 392 2300 permanet.
433 2211 538 2296 Quod
554 2211 582 2278 si
599 2211 634 2276 in
650 2211 731 2278 vino
747 2225 780 2278 et
796 2213 873 2278 alea
884 2212 1142 2278 comissationes

83 2318 199 2384 solum
222 2326 255 2381 et
278 2326 390 2380 scorta
413 2324 630 2401 quaererent,
648 2325 762 2379 essent
785 2313 835 2378 illi
859 2314 997 2400 quidem
1021 2315 1188 2400 despe-zo

83 2418 200 2494 randi,
221 2418 283 2484 sed
305 2428 421 2482 tamen
445 2427 560 2481 essent
580 2414 733 2480 ferendi:
767 2415 833 2480 hoc
854 2436 935 2481 vero
956 2415 1033 2501 quis
1055 2414 1142 2479 ferre

84 2519 208 2605 possit,
225 2517 343 2584 inertis
360 2515 517 2582 homines
534 2515 724 2581 fortissimis
740 2514 821 2581 viris
837 2515 1004 2590 insidiari,
1019 2513 1143 2580 stultis-

85 2620 193 2686 simos
210 2617 496 2705 prudentissimis,
514 2616 666 2681 ebriosos
682 2615 816 2691 sobriis,
835 2617 1033 2682 dormientis
1056 2615 1143 2704 vigi-

85 2717 260 2786 lantibus?
291 2719 348 2804 qui
372 2716 456 2782 mihi
481 2716 687 2782 accubantes
711 2715 747 2780 in
771 2717 949 2791 conviviis,
971 2717 1142 2802 complexi

85 2820 250 2885 mulieres
269 2818 474 2904 impudicas,
491 2816 572 2882 vino
592 2815 761 2904 languidi,
780 2816 920 2882 conferti
938 2818 1027 2891 cibo,
1046 2817 1143 2882 sertis
1157 2836 1188 2886 25

87 2920 250 2996 redimiti,
260 2917 447 3006 unguentis
457 2916 565 2992 obliti,
578 2917 741 2982 debilitati
754 2918 892 3002 stupris,
907 2927 1062 2983 eructant
1074 2938 1143 2982 ser-

87 3021 247 3086 monibus
275 3020 345 3084 suis
369 3017 512 3082 caedem
534 3018 701 3083 bonorum
726 3029 828 3104 atque
852 3018 945 3082 urbis
969 3016 1140 3083 incendia.

88 3137 125 3185 ιι.
150 3120 286 3207 Quibus
317 3139 383 3206 ego
416 3117 551 3182 confido
578 3117 777 3202 impendere
802 3117 907 3182 fatum
934 3118 1084 3205 aliquod,
1111 3128 1144 3182 et

91 3321 240 3388 debitam
253 3329 311 3384 aut
322 3318 449 3383 instare
461 3317 535 3406 jam
548 3316 663 3402 plane,
678 3328 736 3382 aut
749 3329 839 3383 certe
852 3317 1140 3404 appropinquare.
1158 3336 1191 3386 ³0

92 3420 190 3506 Qus
206 3420 234 3486 si
251 3441 348 3484 meus
365 3417 574 3491 consulatus,
593 3418 756 3503 quoniam
780 3437 902 3483 sanare
927 3439 995 3483 non
1020 3428 1141 3504 potest,

92 3519 273 3594 sustulerit,
285 3541 355 3583 non
366 3518 471 3583 breve
481 3517 598 3581 nescio
611 3518 701 3603 quod
714 3529 860 3602 tempus,
876 3519 937 3582 sed
951 3519 1056 3582 multa
1069 3538 1142 3583 sae·

93 3621 169 3686 cula
192 3617 391 3706 propagarit
414 3615 463 3682 rei
487 3617 659 3702 publicae.
719 3616 827 3682 Nulla
850 3629 902 3682 est
928 3617 1020 3683 enirn
1052 3618 1143 3684 natio

93 3743 194 3808 quam
208 3719 501 3805 pertimescamus,
517 3718 630 3782 nullus
643 3739 704 3781 rex
716 3717 775 3804 qui
787 3718 914 3782 bellum
929 3717 1055 3804 populo
1072 3718 1144 3782 Ro-

95 3841 194 3888 mano
211 3819 325 3886 facere
342 3818 458 3904 possit.
508 3815 635 3882 Omnia
651 3829 730 3882 sunt
745 3829 886 3882 externa
902 3817 1003 3882 unius
1022 3818 1143 3882 virtute
1162 3837 1193 3888 35

95 3929 182 3988 terra
198 3919 353 4007 marique
368 3929 514 4005 pacatae
537 3917 762 3983 domesticum
782 3918 912 3984 bellum
934 3928 1069 3992 manet;
1092 3918 1145 3982 in·
