2714 4266
94 247 151 289 x11.
170 233 226 306 39.]
365 234 579 324 corruption
604 237 652 322 of
664 237 720 302 the
749 234 886 302 Courts.
1109 248 1150 320 37

93 459 142 504 ex
160 437 241 502 Kal.
257 437 433 524 Januariis
446 459 564 502 secum
582 458 688 526 agere
705 438 748 502 de
764 458 800 502 re
819 435 956 522 publica
974 437 1075 503 aede
1092 437 1153 503 ho-

94 539 246 604 minibus
264 537 429 623 improbis
449 539 575 601 voluit:
610 539 674 602 hoc
700 559 823 602 munus
848 536 1029 603 aedilitatis
1054 557 1152 603 meae

93 640 225 724 populo
242 638 404 702 Romano
421 637 674 724 amplissimum
692 638 1029 723 pulcherrimumque
1054 637 1152 724 polli-

94 761 190 805 ceor.
241 738 382 812 Moneo,
402 739 577 822 praedico,
594 751 670 802 ante
688 737 872 811 denuntio;
898 738 956 824 qui
973 750 1031 803 aut
1046 739 1153 824 depo-

93 861 193 914 nere,
228 850 285 903 aut
317 837 487 924 accipere,
518 849 576 902 aut
607 837 774 922 recipere,
808 849 867 900 aut
898 837 1064 922 polliceri,
1094 847 1153 902 aut
1184 869 1199 922 5

93 951 290 1026 sequestres
319 950 376 1003 aut
405 939 606 1022 interpretes
634 936 875 1022 corrumpendi
903 937 1012 1025 judici
1043 938 1153 1002 solent

93 1061 187 1113 esse,
206 1039 333 1128 quique
349 1037 393 1104 ad
411 1039 501 1103 hanc
518 1059 590 1102 rem
608 1049 666 1100 aut
683 1037 868 1122 potentiam
891 1048 949 1101 aut
973 1037 1152 1124 impuden-

92 1141 180 1204 tiam
213 1160 309 1203 suam
341 1138 484 1226 professi
514 1149 605 1213 sunt,
635 1137 830 1202 abstineant
861 1138 896 1201 in
928 1139 994 1202 hoc
1020 1137 1152 1228 judicio

93 1261 221 1305 manus
246 1239 447 1326 animosque
472 1239 516 1304 ab
542 1240 606 1303 hoc
630 1238 761 1304 scelere
785 1237 929 1305 nefario.
1156 1271 1301 1302 .--··

141 1359 223 1404 x111.
248 1355 294 1403 at.
318 1339 391 1404 Erit
421 1350 492 1403 tum
524 1339 644 1404 consul
678 1337 882 1403 Hortensius
910 1359 989 1404 cum
1017 1361 1152 1404 summo
1167 1372 1199 1409 ro

94 1440 242 1526 imperio
258 1451 292 1504 et
307 1450 493 1525 potestate3
517 1460 584 1527 ego
601 1451 716 1504 autem
734 1438 868 1514 aedilis,
888 1439 954 1503 hoc
969 1451 1033 1514 est,
1048 1441 1152 1526 paulo

95 1541 246 1627 amplius
270 1561 375 1627 quarn
396 1539 560 1625 privatus.
609 1537 747 1604 Tamen
765 1539 866 1627 hujus
883 1539 975 1605 modi
993 1539 1080 1605 haec
1097 1561 1151 1604 res

94 1653 162 1715 est,
180 1662 284 1728 quam
302 1662 357 1705 me
378 1651 531 1704 acturum
557 1661 632 1705 esse
657 1639 834 1725 polliceor,
858 1640 904 1705 ita
928 1639 1056 1725 populo
1079 1640 1152 1705 Ro·

95 1762 201 1805 mano
218 1753 316 1828 grata
334 1753 434 1827 atque
447 1740 615 1828 jucunda,
630 1751 665 1804 ut
682 1740 756 1824 ipse
772 1739 892 1804 consul
909 1739 944 1804 in
963 1741 1029 1804 hac
1045 1761 1151 1805 causa

95 1862 182 1926 prae
205 1864 259 1905 me
285 1842 397 1906 minus
419 1841 522 1906 etiam
544 1840 590 1926 (si
619 1840 692 1904 lieri
721 1840 844 1926 possit)
870 1861 974 1927 quam
1000 1840 1150 1926 privatus
1167 1872 1197 1924 ¹5

95 1964 175 2007 esse
200 1942 367 2006 videatur.
417 1941 544 2006 Omnia
567 1961 636 2004 non
657 1941 759 2005 modo
778 1943 1149 2016 commemorabuntur,

95 2043 160 2106 sed
185 2041 300 2115 etiam,
323 2041 486 2126 expositis
511 2040 610 2104 certis
635 2040 749 2114 rebus,
772 2052 929 2128 agentur,
951 2061 1041 2127 quae
1064 2041 1151 2106 inter

96 2144 219 2207 decem
237 2163 360 2216 annos,
379 2153 616 2226 posteaquam
638 2140 769 2228 judicia
793 2141 836 2205 ad
861 2154 1016 2205 senatum
1040 2153 1152 2207 trans-

95 2241 168 2306 lata
181 2253 270 2314 sunt,
285 2241 321 2304 in
338 2241 439 2305 rebus
452 2239 648 2328 judicandis
662 2240 791 2304 nefarie
807 2240 1044 2329 flagitioseque
1060 2241 1150 2308 facta
1220 2281 1225 2312 ι
1289 2277 1293 2285 ’

96 2307 282 2433 ευηῐ.>ὲρε,
307 2339 503 2427 Cognoscet
530 2362 574 2404 ex
603 2361 657 2404 me
686 2341 832 2425 populus
861 2341 1041 2408 Romanus
1067 2344 1149 2432 quid
1166 2330 1269 2408 „W

95 2443 153 2516 sit,
172 2462 276 2528 quam
301 2442 345 2506 ob
367 2462 453 2513 rem,
473 2461 550 2504 cum
572 2453 729 2526 equester
744 2442 827 2506 ordo
840 2442 1021 2530 judicaret,
1041 2466 1150 2510 annos

96 2563 205 2626 prope
225 2541 474 2628 quinquaginta
494 2540 687 2614 continuos,
709 2540 743 2604 in
765 2543 859 2606 nullo
878 2543 995 2631 judice
1019 2541 1150 2632 [equite

96 2643 261 2706 Romano
288 2640 482 2730 judicante]
520 2662 563 2704 ne
594 2639 794 2704 tenuissima
831 2644 970 2729 quidem
1008 2644 1150 2730 suspitio

96 2756 263 2826 acceptae
288 2741 454 2826 pecuniae
479 2741 522 2805 ob
543 2761 615 2804 rem
636 2740 860 2828 judicandam
884 2744 1064 2810 constituta
1086 2746 1149 2813 sit:

95 2843 180 2930 quid
197 2842 239 2906 sit
255 2842 360 2928 quod,
375 2841 512 2929 judiciis
530 2842 574 2904 ad
595 2841 802 2905 senatorium
827 2843 982 2907 ordinem
1006 2847 1151 2910 transla-
1166 2872 1197 2924 ²5

95 2943 153 3014 tis,
173 2942 373 3028 sublataque
391 2941 509 3026 populi
526 2941 677 3005 Romani
695 2943 730 3005 in
750 2965 855 3006 unum
880 2961 1051 3031 quemque
1076 2968 1152 3010 ves-

95 3057 186 3107 trum
205 3053 383 3126 potestate,
402 3039 455 3124 Q
468 3039 625 3106 Calidius
650 3042 832 3107 damnatus
856 3044 991 3120 dixerit,
1012 3046 1151 3111 minoris

97 3141 161 3206 HS
191 3142 328 3207 triciens
356 3141 564 3225 praetorium
594 3141 769 3206 hominem
798 3145 939 3208 honeste
960 3166 1029 3209 non
1049 3167 1150 3231 posse

96 3242 277 3308 damnari:
313 3241 394 3328 quid
419 3241 460 3305 sit
483 3243 588 3328 quod,
616 3239 656 3305 P.
684 3240 850 3326 Septimio
875 3257 1030 3309 senatore
1054 3245 1151 3309 dam-

97 3356 190 3415 nato,
219 3340 272 3425 0,
295 3339 479 3406 Hortensio
508 3352 676 3426 praetore,
703 3342 745 3405 de
775 3343 928 3426 pecuniis
952 3345 1149 3429 repetundis
1167 3373 1199 3422 30

97 3443 139 3506 lis
164 3443 342 3506 aestimata
367 3440 409 3506 sit
432 3463 473 3505 eo
496 3441 648 3514 nomine,
666 3442 757 3526 quod
774 3443 831 3506 ille
848 3444 891 3508 ob
908 3466 979 3508 rem
993 3445 1150 3534 judican-

98 3544 177 3606 dam
198 3541 380 3626 pecuniam
403 3542 613 3626 accepisset3
645 3557 692 3605 ³9.
715 3543 806 3628 quod
830 3543 865 3607 in
888 3543 931 3608 C.
958 3543 1147 3620 Herennio,

97 3642 189 3726 quod
213 3642 247 3706 in
272 3639 315 3708 C.
343 3641 490 3726 Popili0‚
513 3642 741 3716 senatoribus,
763 3643 820 3728 qui
845 3646 947 3709 ambo
972 3647 1149 3730 peculatus

98 3742 250 3806 damnati
283 3753 381 3818 sunt3
414 3741 505 3828 quod
535 3742 568 3804 in
598 3741 650 3805 M.
681 3741 797 3816 Atilio,
823 3744 881 3830 qui
906 3747 949 3809 de
974 3745 1149 3832 majestate

98 3842 280 3906 damnatus
305 3853 367 3914 est,
395 3843 460 3905 hoc
485 3843 626 3926 planum
654 3842 780 3906 factum
806 3845 860 3917 sit,
885 3866 943 3908 eos
966 3845 1147 3929 pecuniam
1168 3873 1199 3925 35

98 3943 141 4008 ob
158 3963 229 4006 rem
243 3941 469 4029 judicandam
487 3940 685 4025 accepisse3
710 3944 803 4029 quod
819 3943 949 4009 inventi
965 3943 1031 4008 sint
1049 3965 1148 4008 sena·
