2668 4262
207 155 272 226 126
496 160 711 248 Conspiracy
735 161 783 248 (ff
802 159 965 226 Catilr'ne.
1064 158 1185 230 [CfflL-
1210 161 1259 214 IV-

205 383 346 448 gravem
373 383 519 447 poenam
555 361 797 446 municipibus,
824 361 850 426 si
875 361 951 447 quis
976 383 1093 427 eorum
1118 364 1260 428 vincula

205 463 353 549 ruperit:
380 462 549 527 horribilis
570 463 741 526 custodias
766 462 965 534 circumdat,
985 475 1018 526 et
1034 464 1160 550 dignas
1186 487 1260 531 sce-

205 563 276 626 lere
311 563 487 628 hominum
525 562 755 646 perditorum
796 561 906 626 sancit
943 583 986 626 ne
1025 564 1101 649 quis
1138 587 1259 630 eorum

206 683 352 747 poenam
385 684 470 747 quos
502 663 721 734 condemnat,
747 675 805 725 aut
837 683 898 746 per
929 676 1086 728 senatum
1114 676 1174 728 aut
1200 687 1261 750 per

178 764 384 848 spopulum,
403 764 518 826 levare
542 762 667 846 possit3
693 761 792 846 eripit
812 761 913 826 etiam
939 785 1050 850 spem,
1068 786 1159 850 quae
1183 768 1259 830 sola

207 863 381 926 hominem
405 863 440 926 in
466 861 610 926 miseriis
638 861 807 927 consolari
833 863 938 937 solet3
963 865 1054 929 bona
1078 878 1260 950 praeterea

206 962 373 1048 publicari
405 961 521 1049 jubet3
562 962 664 1026 vitam
695 962 804 1026 solam
837 963 995 1050 relinquit
1026 965 1166 1030 nefariis
1200 967 1262 1030 ho·

207 1062 367 1136 minibuS,
386 1083 489 1148 quam
507 1060 535 1126 si
553 1061 744 1146 eripuisset,
766 1063 888 1129 multos
908 1086 976 1130 uno
996 1065 1132 1130 dolores
1152 1066 1262 1130 animi

207 1174 308 1250 atque
333 1162 483 1246 corporis
507 1174 540 1226 et
556 1162 675 1252 pmnis
707 1163 877 1229 scelerum
905 1185 1035 1249 poenas
1059 1167 1259 1232 ademisset.

162 1289 190 1324 ιο
208 1261 339 1348 ltaque,
359 1273 395 1326 ut
410 1263 525 1348 aliqua
542 1261 576 1325 in
594 1263 662 1326 vita
680 1262 825 1328 formido
849 1263 1011 1348 improbis
1028 1279 1117 1330 esset
1133 1266 1262 1351 posita,

142 1429 144 1440 ,
207 1364 299 1447 apud
317 1362 442 1426 inferos
466 1362 540 1449 ejus
566 1363 658 1427 modi
681 1364 853 1449 quaedam
878 1363 926 1429 illi
944 1365 1072 1451 antiqui
1089 1368 1263 1452 supplicia

207 1463 321 1547 impiis
344 1463 523 1528 constituta
544 1483 618 1528 esse
635 1464 827 1544 voluerunt,
846 1464 936 1550 quod
954 1465 1113 1530 videlicet
1128 1467 1265 1531 intelle-

207 1565 349 1650 gebant,
364 1563 413 1627 eis
430 1563 582 1638 remotis,
602 1585 669 1627 non
695 1585 770 1628 esse
795 1577 938 1630 mortem
956 1564 1064 1652 ipsam
1083 1566 1266 1650 pertimes-

207 1664 367 1728 cendam.

162 1787 190 1840 ις
253 1784 290 1828 ν.
316 1777 344 1824 9.
368 1762 484 1838 Nunc,
503 1774 617 1849 patres
641 1763 838 1850 conscripti,
862 1785 928 1852 ego
953 1787 1029 1831 mea
1053 1765 1154 1832 video
1177 1767 1266 1853 quid

208 1863 351 1930 intersit.
400 1862 438 1929 Si
455 1864 547 1929 eritis
570 1865 677 1930 secuti
702 1864 902 1929 sententiam
921 1864 964 1930 C.
983 1864 1158 1941 Caesaris,
1176 1889 1266 1952 quo-

208 1964 301 2029 niam
320 1964 409 2029 hanc
425 1963 454 2028 is
470 1965 504 2028 in
522 1985 558 2028 re
576 1965 713 2050 publica
729 1964 821 2028 viam
846 1987 934 2052 quae
958 1966 1133 2051 popularis
1157 1967 1268 2031 habe-

207 2076 261 2130 tur
277 2077 414 2130 secutus
431 2077 493 2139 est,
512 2064 655 2130 sortasse
676 2066 788 2130 minus
813 2067 1041 2131 erunt—hoc
1065 2079 1204 2132 auctore
1231 2080 1267 2131 et

208 2166 384 2253 cognitore
402 2164 545 2252 hujusce
562 2165 806 2230 sententiae-
817 2165 899 2230 mihi
917 2167 1099 2252 populares
1112 2167 1264 2252 impetus

160 2289 191 2324 20
209 2266 471 2352 pertimescendi
484 2289 492 2327 :
504 2264 557 2330 sin
568 2265 662 2330 illam
674 2266 829 2340 alterurn,
840 2267 956 2331 nescio
967 2288 1011 2331 an
1022 2267 1269 2352 ampliusmihi

208 2368 323 2454 negoti
350 2367 583 2432 contrahatur.
633 2365 704 2432 Sed
721 2377 835 2430 tamen
853 2387 1006 2431 meorum
1032 2369 1267 2452 periculorum

144 2482 148 2498 ¹
198 2459 357 2533 ¹'r'a'tiones
374 2467 500 2533 utilitas
517 2466 565 2530 rei
583 2467 741 2553 publicae
758 2466 884 2530 vincat.
936 2466 1114 2533 Habemus
1131 2468 1225 2532 enirn
1244 2490 1268 2533 a

208 2567 372 2648 Caesare,
389 2569 477 2637 sicut
490 2566 598 2652 ipsius
622 2567 772 2654 dignitas
797 2577 830 2630 et
850 2565 1015 2654 majorum
1042 2567 1115 2655 ejus
1138 2568 1268 2652 ampli-

207 2670 288 2733 tudo
305 2669 510 2753 postulabat,
529 2668 732 2733 sententiam
758 2679 933 2752 tamquam
961 2668 1114 2732 obsidem
1140 2690 1267 2752 perpe-

157 2791 187 2842 25
208 2780 285 2833 tuae
303 2769 337 2832 in
354 2790 425 2832 rem
444 2768 617 2853 publicam
634 2767 826 2832 voluntatis.
876 2766 1090 2834 Intellectum
1113 2781 1163 2833 est
1178 2769 1266 2854 quid
1332 2827 1333 2852 ,

207 2868 385 2933 interesset
396 2868 483 2932 inter
496 2867 666 2932 levitatem
684 2867 954 2933 contionatorum
969 2879 1002 2932 et
1014 2869 1166 2932 animum
1180 2890 1265 2934 vere

207 2968 424 3052 popularem,
441 2967 541 3033 saluti
570 2967 687 3051 populi
715 2969 963 3032 consulentem.
1012 2985 1055 3032 ιο.
1078 2967 1190 3034 Video
1218 2970 1265 3034 de
1307 3036 1310 3040 ,

146 3079 148 3083 ’
207 3066 292 3143 istis,
310 3066 368 3153 qui
385 3088 422 3132 se
439 3066 614 3152 popularis
639 3067 758 3132 haberi
776 3068 905 3142 volunt,
926 3068 1045 3132 abesse
1067 3090 1134 3133 non
1152 3069 1266 3134 nemi-

208 3188 301 3240 nem,
320 3188 362 3230 ne
388 3167 432 3231 de
460 3167 571 3252 capite
587 3166 746 3231 videlicet
768 3167 893 3232 civium
918 3167 1156 3233 Romanorum
1182 3189 1265 3234 sen-

157 3291 188 3341 30
207 3267 346 3330 tentiam
373 3265 469 3330 ferat.
526 3264 578 3331 At
605 3266 633 3330 is
657 3275 691 3330 et
714 3267 838 3332 nudius
869 3266 986 3332 tertius
1010 3267 1045 3331 in
1070 3268 1263 3334 custodiam

208 3366 293 3430 civis
309 3366 488 3432 Romanos
512 3364 617 3438 dedit,
636 3375 670 3430 et
685 3366 970 3451 supplicationem
990 3367 1072 3431 mihi
1096 3369 1262 3443 decrevit,

208 3477 241 3530 et
257 3465 387 3532 indices
404 3467 563 3530 hesterno
580 3465 635 3530 die
653 3466 813 3530 maximis
831 3467 993 3550 praemiis
1010 3467 1147 3532 adfecit.
1181 3468 1263 3554 Jam

208 3567 274 3632 hoc
289 3566 418 3632 nemini
443 3566 584 3630 dubium
612 3576 676 3640 est,
692 3566 752 3651 qui
774 3587 832 3630 reo
855 3568 1059 3642 custodiam,
1078 3568 1265 3654 quaesitori

208 3667 484 3753 gratulationem,
498 3665 600 3730 indici
614 3665 804 3748 praemium
820 3666 982 3740 decrevit,
994 3669 1076 3752 quid
1091 3669 1134 3733 de
1145 3681 1214 3734 tota
1227 3691 1265 3734 re

160 3789 190 3838 35
208 3776 241 3828 et
257 3785 361 3829 causa
382 3763 552 3849 judicarit.
600 3762 744 3826 atvero
761 3762 802 3826 C.
824 3763 944 3828 Caesar
961 3765 1130 3856 intellegit
1147 3769 1264 3856 legem

209 3861 449 3946 Semproniam
466 3881 541 3926 esse
554 3861 598 3926 de
614 3861 746 3926 civibus
759 3860 930 3927 Romanis
946 3866 1162 3934 constitutam
1177 3889 1185 3942 ;
1203 3868 1264 3954 qui
