2716 4266
243 223 306 270 202
602 202 760 289 Defince
782 204 830 290 of
846 203 950 269 ΜὶΙο.
1183 202 1295 274 [M1Lo,

239 428 280 471 ac
304 404 458 478 sustulit3
483 403 538 470 cui
562 403 711 490 primum
736 414 885 468 mentem
909 403 1037 492 injecit,
1054 415 1094 469 ut
1116 405 1150 468 vi
1168 405 1296 470 irritare

239 508 393 592 ferroque
411 507 581 570 lacessere
598 504 818 569 fortissimum
837 505 947 568 virum
970 505 1125 581 auderet,
1145 506 1297 569 vincere·

239 620 358 693 turque
385 607 428 670 ab
446 627 501 678 e0,
518 625 621 690 quem
645 605 673 669 si
693 605 831 669 vicisset
847 605 1022 669 habiturus
1040 617 1132 669 esset
1152 605 1297 691 impuni-

238 722 340 772 tatem
359 721 390 772 et
408 707 580 770 licentiam
600 704 855 788 sempiternam.

184 827 198 880 5
282 826 326 872 ns.
351 807 430 872 Non
454 818 504 871 est
531 806 682 868 humano
709 805 864 879 consilio,
882 826 926 869 ne
952 805 1117 870 mediocri
1142 805 1297 891 quidem,

235 910 382 997 judieeS,
411 908 553 972 deorum
584 905 825 968 immortalium
850 925 946 978 cura,
970 927 1024 969 res
1048 905 1108 968 illa
1131 905 1297 990 perfecta.
1341 979 1342 996 χ

238 1009 441 1096 Religiones
459 1029 513 1071 me
528 1006 666 1070 hercule
684 1003 794 1089 ipsae,
807 1025 896 1090 quae
910 1005 1003 1068 illam
1017 1005 1157 1069 beluam
1177 1007 1299 1070 cadere

238 1109 406 1181 viderunt,
436 1127 626 1171 commosse
651 1126 688 1170 se
721 1104 891 1179 videntur,
919 1115 953 1168 et
972 1105 1028 1192 jus
1052 1105 1086 1168 in
1112 1105 1175 1170 illo
1201 1127 1300 1170 suum

237 1208 427 1273 retinuisse.
478 1206 549 1271 Vos
566 1207 657 1270 enim
678 1204 765 1292 jam,
785 1203 914 1268 Albani
939 1204 1060 1268 tumuli
1084 1217 1194 1290 atque
1221 1206 1300 1280 luci,

186 1337 218 1378 10
238 1331 312 1380 vos,
327 1309 481 1394 inquam,
500 1307 645 1392 imploro
667 1316 767 1392 atque
790 1308 960 1378 obtestor3
985 1325 1127 1390 vosque,
1143 1304 1302 1370 Albano-

238 1431 313 1474 rum
339 1411 479 1474 obrutae
505 1427 598 1481 arae,
622 1427 796 1472 sacrorum
822 1405 939 1490 populi
961 1405 1113 1470 Romani
1132 1407 1256 1471 sociae
1272 1417 1302 1470 et

238 1511 412 1595 aequales,
437 1528 523 1594 quas
551 1507 607 1570 ille
635 1527 801 1591 praeceps
826 1505 990 1580 amentia,
1014 1505 1125 1570 caesis
1150 1519 1301 1591 prostra-

237 1610 347 1695 tisque
364 1607 587 1674 sanctissimis
612 1608 710 1680 lucis,
729 1605 1018 1690 substructionum
1044 1605 1179 1672 insanis
1206 1608 1300 1672 moli-

237 1710 300 1774 bus
317 1718 543 1794 oppresserat.
582 1705 726 1771 Vestrae
743 1718 812 1770 tum
829 1705 945 1793 [arae]
963 1719 1097 1770 vestrae
1111 1706 1299 1794 religiones

187 1808 440 1895 15.viguerunt;
468 1817 579 1871 vestra
607 1807 658 1870 vis
684 1807 802 1881 valuit,
824 1827 928 1892 quam
958 1805 1016 1870 ille
1042 1806 1137 1870 omni
1168 1809 1298 1872 scelere

238 1910 415 1993 polluerat.
458 1908 583 1992 Tuque
604 1928 647 1970 ex
675 1919 732 1972 tuo
749 1906 839 1972 edito
857 1918 984 1980 monte,
1004 1905 1154 1972 Latiaris
1180 1920 1298 1972 sancte

241 2008 411 2094 Juppiter,
430 2006 526 2094 cujus
544 2007 600 2071 ille
616 2007 725 2080 lacuS,
745 2028 883 2086 nemora
901 2007 1046 2095 finisque
1072 2029 1181 2092 saepe
1204 2008 1297 2074 omni

237 2108 367 2172 nefario
384 2120 499 2192 stupro
516 2116 548 2171 et
564 2107 692 2172 scelere
717 2108 918 2180 macularat,
936 2108 1122 2194 aliquando
1146 2110 1194 2174 ad
1221 2131 1299 2175 eum

238 2207 467 2292 poeniendum
484 2207 602 2271 oculos
619 2206 791 2292 aperuisti.
829 2207 939 2274 Vobis
956 2209 1049 2283 illae,
1069 2210 1166 2275 vobis
1183 2225 1300 2277 vestro

184 2327 218 2366 20
238 2309 271 2371 in
290 2321 475 2392 conspectu
491 2327 601 2378 serae,
620 2307 680 2371 sed
699 2306 810 2394 justae
827 2317 943 2373 tamen
960 2320 993 2374 et
1009 2311 1143 2375 debitae
1162 2333 1300 2396 poenae

238 2410 367 2474 solutae
399 2419 488 2471 sunt.
537 2425 583 2471 so.
607 2406 683 2471 Nisi
712 2407 796 2472 sorte
821 2409 888 2474 hoc
916 2410 1019 2475 etiam
1051 2431 1134 2475 casu
1167 2411 1300 2478 factum

238 2531 313 2573 esse
339 2508 504 2581 dicemus,
523 2521 559 2573 ut
587 2519 664 2572 ante
692 2507 802 2592 ipsum
836 2511 1023 2575 sacrarium
1048 2509 1168 2576 Bonae
1193 2513 1297 2584 deae,

237 2610 327 2695 quod
345 2620 395 2673 est
411 2608 445 2671 in
463 2608 567 2672 fundo
583 2609 629 2671 T.
648 2606 750 2694 Sergi
774 2607 881 2684 Galli,
899 2611 935 2675 in
963 2611 1081 2696 primis
1103 2612 1244 2677 honesti
1269 2624 1301 2676 et

237 2707 345 2773 ornati
363 2708 604 2783 adulescentis,
621 2719 705 2772 ante·
717 2709 840 2794 ipsam,
855 2710 1009 2798 inquam,
1024 2709 1156 2775 Bonam
1177 2712 1297 2788 deam,

183 2819 215 2873 ²5
238 2829 314 2872 cnm
343 2807 507 2892 proelium
535 2808 774 2884 commisisset,
802 2811 950 2895 primum
978 2810 1062 2874 illud
1088 2811 1213 2875 volnus
1242 2833 1298 2877 ac·
1341 2843 1342 2876 t

237 2909 376 2993 ciperet,
401 2928 468 2992 quo
497 2907 725 2972 taeterrimam
752 2923 893 2975 mortem
918 2909 1045 2983 obiret3
1078 2921 1207 2976 utnon
1238 2914 1298 2977 ab·

237 3008 366 3071 solutus
394 3006 523 3092 judicio
556 3007 614 3072 illo
646 3009 777 3075 nefario
812 3010 996 3084 videretur,
1021 3010 1081 3074 sed
1117 3011 1161 3074 ad
1201 3012 1297 3076 hanc

236 3108 406 3194 insignem
436 3129 582 3191 poenam
611 3122 816 3174 reservatus.
865 3109 1194 3176 xxx11.Necve1-0
1224 3135 1296 3178 non
1341 3121 1342 3166 ἒ

236 3209 357 3272 eadem
375 3206 424 3270 ira
441 3207 582 3271 deorum
601 3209 692 3274 hanc
716 3210 789 3297 ejus
814 3209 1012 3274 satellitibus
1036 3210 1150 3298 injecit
1174 3231 1295 3276 amen·

181 3315 216 3366 30
236 3308 332 3381 tiam,
349 3318 386 3371 ut
401 3307 474 3371 sine
501 3308 722 3395 imaginibus,
742 3310 815 3373 sine
842 3321 944 3374 cantu
969 3321 1070 3396 atque
1096 3311 1199 3385 ludis,
1217 3313 1293 3377 sine
1341 3335 1342 3366 t

235 3406 419 3492 exsequiis,
435 3407 508 3471 sine
522 3396 692 3482 lamentis,
708 3408 780 3472 sine
792 3409 1057 3484 laudationibus
1069 3409 1142 3474 sine
1155 3409 1289 3488 funere,

235 3506 358 3571 oblitus
376 3527 495 3571 cruore
512 3519 545 3572 et
560 3509 643 3582 luto,
662 3508 825 3592 spoliatus
840 3509 932 3574 illius
949 3509 1099 3594 supremi
1116 3510 1184 3574 diei
1201 3513 1290 3576 cele-

235 3606 367 3679 britate,
394 3607 448 3670 cui
474 3607 595 3672 cedere
620 3607 748 3671 inimici
776 3608 879 3671 etiam
907 3609 1028 3683 solent,
1054 3610 1288 3676 ambureretur

236 3705 401 3790 abjectus.
450 3705 530 3768 Non
547 3705 651 3768 fuisse
669 3707 770 3769 credo
788 3705 838 3770 fas
856 3707 1121 3772 clarissimorum
1138 3710 1285 3776 virorum

181 3809 214 3864 35
236 3803 361 3865 formas
375 3802 423 3864 illi
437 3803 629 3865 taeterrimo
647 3804 836 3886 parricidae
854 3805 982 3890 aliquid
995 3807 1128 3872 decoris
1140 3809 1284 3883 adferre,
1341 3841 1342 3848 ¹

236 3919 346 3984 neque
363 3899 433 3961 ullo
449 3899 483 3960 in
501 3899 575 3961 loco
592 3901 701 3981 potius
719 3913 860 3966 mortem
877 3902 951 3989 ejus
967 3905 1112 3970 lacerari
1132 3929 1237 3994 quam
1254 3911 1284 3974 in

236 4018 302 4066 quo
318 3997 386 4059 vita
404 4007 492 4058 esset
508 3997 681 4060 damnata.
