2716 4266
100 183 150 225 VI·
173 173 225 243 19·]
264 173 383 240 Ceasar
405 174 524 239 would
539 174 669 262 prefer
690 173 804 240 Peuce
826 183 861 241 to
896 174 1046 263 Victory.
1097 193 1159 262 215

97 375 292 440 obscurum
317 376 389 440 suit.
452 375 545 440 Nam
577 385 610 440 et
640 375 676 440 in
708 376 774 440 hoc
806 376 926 442 ordine
957 377 1092 464 integra
1124 401 1160 444 re

99 477 216 540 multa
236 477 278 540 de
300 498 385 562 pace
403 477 487 550 dixi,
507 476 590 540 etin
606 476 681 562 ipso
697 476 788 542 bello
806 477 927 541 eadem
954 477 1055 542 etiam
1081 501 1159 544 cum

99 577 230 662 capitis
247 579 313 641 mei
331 577 481 662 periculo
498 577 602 642 sensi.
651 576 707 640 Ex
723 599 790 664 quo
808 598 908 642 nemo
922 577 993 664 jam
1012 578 1074 641 erit
1090 591 1159 643 tam

99 678 253 766 injustus
273 679 482 744 existimator
506 701 634 754 rerum,
652 679 710 765 qui
733 678 861 742 dubitet
882 699 970 764 quae
997 676 1160 744 Caesaris

101 782 152 842 de
169 779 259 844 bello
271 781 427 845 voluntas
445 781 556 856 fuerit,
573 801 651 844 cum
670 780 766 866 pacis
782 791 938 844 auctores
955 799 1159 844 conservau·
1179 809 1193 864 ς

101 883 172 946 dos
197 883 308 946 statim
333 883 514 957 censuerit,
544 883 664 947 ceteris
689 881 788 946 fuerit
812 880 939 944 iratior.
986 879 1100 967 Atque
1126 881 1160 945 id

101 981 223 1047 minus
240 983 363 1048 mirum
388 985 530 1050 sortasse
555 994 639 1058 turn,
658 1003 737 1048 cum
761 995 851 1048 esset
874 981 1023 1046 incertus
1048 982 1159 1047 exitus

102 1096 141 1146 et
158 1104 285 1168 anceps
302 1085 436 1150 fortuna
453 1085 554 1149 belli:
581 1084 737 1170 quivero
753 1083 861 1148 victor
884 1083 980 1169 pacis
1004 1095 1160 1148 auctores

102 1183 234 1271 diligit,
252 1183 281 1249 is
305 1185 455 1270 profecto
480 1186 632 1250 declarat
655 1206 692 1250 se
717 1184 879 1249 maluisse
903 1206 971 1249 non
995 1184 1159 1249 dimicare

102 1305 214 1370 quam
231 1286 382 1350 vincere.
1181 1321 1213 1360 10

153 1395 271 1449 v1.1o.
294 1386 408 1472 Atque
436 1386 538 1474 hujus
563 1385 701 1472 quidem
727 1385 776 1450 rei
802 1383 855 1449 M.
883 1383 1052 1450 Marcello
1081 1407 1157 1450 sum

102 1485 215 1549 testis.
264 1485 488 1551 Nostrieuim
506 1507 628 1551 sensus
645 1497 681 1550 ut
696 1486 731 1550 in
749 1506 835 1570 pace
852 1507 998 1570 semper,
1018 1486 1067 1550 sic
1088 1498 1159 1549 tum

104 1585 213 1650 etiam
242 1586 277 1650 in
308 1587 398 1651 bello
431 1587 675 1674 congruebant.
726 1584 895 1670 Quotiens
927 1607 994 1672 ego
1026 1607 1104 1649 eum
1129 1597 1161 1649 et

104 1698 238 1770 quanto
270 1707 348 1750 cum
380 1687 496 1751 dolore
524 1687 606 1760 vidi,
637 1707 715 1751 cum
747 1686 962 1750 insolentiam
991 1698 1160 1750 certorum

105 1787 286 1850 hominum
306 1799 375 1852 tum
401 1789 501 1851 etiam
527 1787 634 1873 ipsius
658 1787 818 1851 victoriae
843 1787 1051 1851 ferocitatem
1077 1787 1212 1865 exti-15

109 1886 342 1950 mescenteml
391 1887 472 1970 Quo
497 1889 625 1974 gratior
648 1898 706 1950 tua
731 1887 929 1961 liberalitas,
948 1885 989 1950 C.
1013 1885 1158 1962 Caesar,

106 1987 220 2060 nobis,
260 1987 317 2072 qui
355 1988 414 2051 illa
450 1987 609 2061 vidimus
651 1987 752 2051 debet
787 2008 874 2051 esse.
947 1986 1028 2051 Non
1068 1986 1159 2050 enim

103 2085 180 2173 jam
206 2107 330 2151 causae
355 2099 432 2151 sunt
452 2087 538 2151 inter
560 2108 610 2162 se,
629 2088 690 2150 sed
712 2087 873 2151 victoriae
895 2088 1160 2171 comparandae.

107 2205 150 2252 17.
182 2186 342 2252 Vidimus
359 2201 454 2252 tuum
469 2187 647 2252 victoriam
665 2185 871 2271 proeliorum
888 2187 981 2251 exitu
1000 2187 1162 2250 termina-

107 2301 201 2354 tam:
237 2289 390 2374 gladium
416 2287 543 2375 vagina
563 2308 710 2352 vacuum
737 2288 771 2351 in
798 2288 881 2351 urbe
907 2309 976 2352 non
1001 2287 1159 2352 vidimus.
1179 2305 1214 2344 20

109 2388 210 2474 Qus
236 2389 410 2453 amisimus
435 2389 531 2463 civis,
551 2410 609 2452 eos
628 2387 750 2452 Martis
767 2387 818 2452 vis
842 2388 998 2472 perculit,
1016 2409 1085 2452 non
1110 2388 1160 2450 ira

107 2490 291 2564 victoriae3
309 2502 346 2554 ut
361 2491 515 2554 dubitare
532 2490 656 2554 debeat
671 2511 773 2554 nemo
789 2489 872 2574 quin
891 2489 1025 2562 multos,
1041 2488 1069 2552 si
1087 2488 1159 2552 fieri

108 2603 237 2676 posset,
268 2590 310 2656 C.
339 2589 470 2656 Caesar
502 2592 545 2655 ab
574 2583 691 2654 inseris
722 2591 899 2664 excitaret,
929 2589 1091 2674 quoniam
1116 2611 1159 2652 ex

108 2693 232 2756 eadem
272 2691 345 2756 acie
383 2703 561 2756 conservat
593 2713 678 2777 quos
711 2703 830 2774 potest.
894 2689 1046 2754 Alterius
1077 2711 1159 2754 vero

108 2793 214 2878 partis
239 2792 323 2856 nihil
349 2793 495 2877 amplius
519 2793 630 2856 dicam
648 2811 751 2877 quam
773 2791 825 2876 (id
849 2791 941 2877 quod
965 2812 1083 2855 omnes
1100 2811 1158 2855 ve·
1178 2804 1211 2856 25
1299 2794 1301 2799 ’

108 2894 288 2976 rebamur)
314 2894 415 2957 nimis
440 2893 639 2958 iracundam
666 2892 813 2956 suturam
839 2892 942 2956 fuisse
967 2892 1155 2957 victoriam.

107 3013 150 3060 18.
181 2994 332 3080 Quidam
365 2995 456 3059 enim
488 3016 554 3058 non
588 2995 689 3058 modo
719 2993 869 3067 armatis,
900 2993 961 3058 sed
988 2992 1159 3058 interdum

108 3098 209 3163 etiam
228 3096 342 3162 otiosis
361 3097 597 3168 minabantur3
629 3115 694 3160 nec
710 3095 791 3181 quid
816 3094 958 3181 quisque
983 3095 1157 3170 sensisset,

109 3201 171 3264 sed
201 3199 259 3262 ubi
291 3198 408 3262 suisset
440 3197 660 3284 cogitandum
686 3217 762 3260 esse
794 3196 973 3260 dicebant:
1008 3209 1044 3260 ut
1076 3195 1158 3258 mihi

109 3299 247 3386 quidem
275 3299 454 3362 videantur
483 3297 516 3362 di
545 3297 766 3368 immortales,
794 3295 895 3360 etiarn
925 3297 952 3360 si
979 3317 1110 3381 poenas
1139 3306 1212 3358 a30

110 3399 237 3484 populo
254 3398 414 3462 Romano
431 3399 474 3462 ob
492 3397 629 3484 aliquod
650 3396 809 3460 delictum
835 3396 1081 3479 expetiverunt.
1101 3394 1158 3481 qui

110 3500 209 3564 civile
221 3499 349 3562 bellum
362 3510 493 3562 tantum
511 3510 623 3562 ettam
639 3498 829 3561 luctuosum
845 3497 1091 3570 excitaverunt,
1104 3497 1158 3560 vel

110 3597 235 3685 placati
256 3599 327 3686 jam
345 3599 398 3662 vel
417 3599 525 3662 satiati
544 3597 741 3684 aliquando,
759 3617 897 3659 omnem
921 3618 1016 3680 spem
1041 3596 1159 3660 salutis

111 3700 155 3764 ad
172 3698 388 3762 clementiam
404 3697 540 3762 victoris
557 3709 590 3762 et
607 3696 809 3782 sapientiam
828 3696 1022 3761 contulisse.

154 3812 198 3857 19.
231 3797 311 3882 Qua
332 3820 370 3862 re
398 3799 512 3884 gaude
534 3808 592 3862 tuo
617 3798 681 3862 isto
706 3808 775 3861 tam
802 3796 983 3861 excellenti
1007 3797 1109 3868 bono,
1127 3807 1160 3859 et
1176 3805 1209 3862 35

111 3899 223 3964 fruere
240 3919 317 3963 cum
336 3900 468 3962 l'ortuna
486 3910 518 3962 et
532 3899 654 3985 gloria,
673 3909 743 3961 tum
762 3897 864 3962 etiam
889 3909 1008 3961 natura
1032 3908 1065 3961 et
1090 3917 1161 3960 mo·
