2668 4262
188 189 234 257 9⁰
480 172 695 258 Conspiracy
720 173 768 258 os
786 171 950 238 Catilina.
1081 171 1202 241 [Carra.
1219 171 1237 222 1.
1319 135 1320 138 Ἴ

187 291 235 344 ἡ

189 371 301 436 inusta
318 371 406 438 vitae
423 384 501 438 tuae
518 372 590 438 est?
637 372 743 458 Quod
768 374 976 459 privatarum
1001 395 1115 439 rernm
1140 375 1241 439 dede-

190 493 250 536 cus
275 495 342 538 non
367 475 485 538 haeret
506 476 539 538 in
563 474 678 538 sama?
705 496 794 560 quae
817 475 921 540 libido
943 476 987 539 ab
1008 475 1130 549 oculis,
1152 475 1241 560 quod

189 572 322 638 facinus
340 595 360 638 a
378 575 534 638 manibus
551 597 714 661 umquam
732 576 810 649 tuis,
828 577 921 662 quod
937 575 1104 662 flagitium
1132 597 1152 639 a
1177 589 1242 640 toto

191 694 331 758 corpore
353 674 456 738 aluit?
504 674 569 739 Cui
595 687 629 739 tu
655 676 925 748 adulescentulo,
944 697 1046 761 quem
1072 687 1243 760 corrupte-

157 807 172 860 5
190 774 299 837 larum
315 774 493 840 inlecebris
507 775 692 849 inretisses,
706 798 775 840 non
789 787 846 840 aut
860 776 903 840 ad
921 776 1100 840 audaciam
1115 776 1243 840 ferrum

191 885 249 938 aut
273 875 316 938 ad
344 875 520 939 libidinem
550 875 661 940 lacem
690 875 900 962 praetulisti?
946 875 1108 960 14.Q1id
1141 875 1245 940 vero?
1321 947 1322 954 ἵ

191 995 300 1058 nuper
327 996 405 1039 cum
430 987 537 1039 morte
565 976 748 1060 superioris
773 975 889 1040 uxoris
913 975 1011 1040 novis
1035 976 1162 1061 nuptiis
1188 977 1247 1040 do-
1321 973 1322 1002 ³

192 1096 285 1137 mum
298 1073 561 1149 vacuefecisses,
576 1097 691 1140 nonne
704 1077 806 1140 etiam
824 1077 891 1140 alio
908 1075 1098 1140 incredibili
1115 1077 1247 1140 scelere

191 1175 257 1239 hoc
274 1177 386 1240 scelus
402 1174 607 1240 cumulasti?
638 1177 728 1262 quod
746 1199 813 1264 ego
833 1178 1063 1261 praetermitto
1088 1187 1121 1240 et
1145 1176 1247 1239 sacile

144 1309 175 1344 ιο
191 1287 301 1360 patior
334 1275 439 1362 sileri,
466 1297 509 1340 ne
544 1275 578 1340 in
611 1277 678 1340 hac
709 1276 844 1340 civittte
876 1275 959 1340 tanti
990 1274 1193 1340 facinoris
1184 1298 1248 1339 rm-

193 1375 337 1440 manitas
362 1388 420 1440 aut
443 1377 611 1440 exstitisse
636 1389 778 1440 autnon
795 1376 967 1441 vindicata
984 1397 1059 1441 esse
1075 1376 1256 1441 videatur

193 1474 428 1540 Praetermitto
457 1476 573 1540 ruinas
602 1476 813 1540 fortunarum
841 1489 989 1551 tuarum,
1015 1497 1102 1562 quas
1134 1452 1256 1541 omnis

192 1574 392 1658 impendere
408 1577 467 1640 tibi
484 1576 648 1662 proximis
667 1576 783 1642 Idibus
801 1577 938 1640 senties
981 1576 1038 1641 Ad
1055 1577 1113 1640 illa
1131 1576 1245 1653 venio,

193 1697 281 1762 quae
305 1699 373 1741 non
399 1678 442 1741 ad
467 1678 635 1762 privatam
660 1677 885 1763 ignominiam
909 1677 1067 1742 vitiorum
1096 1689 1246 1752 tuorum,
1323 1721 1324 1782 p

146 1809 176 1859 ¹5
194 1798 261 1840 non
279 1777 323 1841 ad
340 1777 562 1842 domesticam
580 1789 672 1842 tuam
687 1777 920 1842 difficultatem
934 1797 975 1840 ac
988 1777 1246 1862 turpitudinem,

194 1877 254 1940 sed
272 1877 316 1941 ad
333 1899 502 1941 summam
519 1899 591 1940 rem
609 1877 781 1962 publicam
800 1889 900 1964 atque
923 1877 967 1940 ad
990 1877 1144 1942 omniurn
1168 1899 1250 1942 nos-

194 1988 282 2040 trum
309 1975 414 2040 vitam
446 1978 659 2062 salutemque
692 1977 871 2061 pertinent.
931 1994 972 2040 15.
997 1976 1156 2042 Potestne
1187 1977 1249 2042 tibi

195 2076 281 2140 haec
298 2077 370 2150 lux,
390 2075 552 2146 Catilina,
571 2089 628 2140 aut
645 2077 746 2164 hujus
764 2077 849 2141 caeli
868 2076 1005 2162 spiritus
1028 2098 1104 2141 esse
1123 2077 1249 2165 jucun·
1324 2141 1325 2156 ,

195 2177 271 2250 dus,
300 2197 378 2240 curn
411 2176 499 2240 scias
532 2178 652 2242 horum
682 2197 757 2241 esse
782 2178 954 2240 neminem
978 2176 1036 2263 qui
1061 2178 1191 2242 nesciat
1214 2189 1248 2242 te
1324 2163 1325 2196 ³

147 2309 178 2342 κο
195 2275 303 2360 pridie
324 2275 503 2342 Kalendas
522 2275 706 2361 Januarias
726 2275 860 2361 Lepido
881 2289 913 2340 et
928 2277 1032 2341 Tullo
1050 2279 1250 2342 consulibus

196 2377 326 2440 stetisse
342 2375 377 2438 in
394 2376 530 2440 comitio
547 2398 624 2440 cum
642 2374 732 2440 telo?
757 2398 896 2439 manum
913 2377 1093 2440 consulum
1107 2390 1140 2441 et
1156 2378 1251 2462 prin-

195 2475 310 2559 cipum
328 2475 471 2540 civitatis
488 2467 800 2540 interficiendorum
818 2497 922 2541 causa
943 2476 1142 2560 paravisse?
1174 2497 1251 2541 sce-

195 2575 255 2638 leri
281 2597 322 2640 ac
346 2576 449 2640 furori
474 2587 531 2640 tuo
555 2598 622 2640 non
649 2587 797 2640 mentem
822 2577 970 2662 aliquam
1002 2588 1060 2640 aut
1090 2576 1250 2644 timorem

199 2675 346 2763 [tuum],
371 2677 431 2742 sed
452 2676 620 2740 fortunam
642 2677 758 2761 populi
779 2676 930 2740 Romani
955 2676 1147 2742 obstitisse?
1194 2677 1251 2742 Ac

146 2807 176 2858 25
200 2776 270 2863 jam
289 2777 347 2840 illa
363 2777 654 2862 omitto-neque
669 2777 760 2840 enim
777 2787 854 2839 sunt
871 2789 929 2840 aut
945 2778 1091 2841 obscura
1104 2787 1163 2840 aut
1178 2799 1249 2842 non

196 2877 299 2940 multa
313 2876 496 2941 commissa
506 2913 551 2924 -
561 2868 716 2961 quotiens
729 2888 764 2940 tu
778 2899 832 2938 me
845 2877 1077 2962 designatum,
1092 2877 1249 2963 quotiens

195 2978 369 3042 consulem
395 2975 585 3041 interficere
609 2989 751 3040 conatus
776 2975 833 3040 esl
866 2988 947 3061 quot
972 2998 1039 3064 ego
1063 2989 1139 3042 tuas
1163 2977 1249 3062 peti-

194 3077 315 3149 tiones,
328 3077 373 3141 ita
385 3076 557 3164 conjectas
568 3088 604 3141 ut
616 3076 714 3140 vitari
727 3097 828 3160 posse
840 3099 907 3139 non
919 3077 1127 3151 viderentur,
1140 3097 1248 3161 parva

194 3180 344 3264 quadam
358 3177 586 3242 declinatione
600 3189 632 3240 et
647 3177 703 3263 (ut
719 3177 831 3259 aiunt)
849 3197 990 3260 corpore
1004 3177 1111 3263 effugi
1125 3176 1133 3240 l
1166 3176 1248 3264 [Ni-

148 3308 180 3356 30
195 3280 242 3345 hil
257 3279 365 3367 agis]
383 3279 466 3343 nihil
481 3277 692 3363 adsequeris,
712 3275 813 3363 [nihil
829 3275 988 3364 moliris,]
1006 3298 1118 3363 neque
1131 3288 1246 3340 tamen

194 3380 311 3458 conari
336 3401 378 3444 ac
402 3379 490 3444 velle
507 3377 653 3442 desistis.
701 3393 743 3440 lo.
768 3375 936 3461 Quotiens
953 3376 1012 3440 tibi
1025 3377 1097 3463 jam
1115 3388 1247 3441 extorta

195 3492 245 3544 est
268 3480 331 3545 ista
355 3480 425 3544 sica
450 3479 493 3543 de
519 3475 697 3542 manibusl
729 3476 886 3563 quotiens
910 3498 992 3541 vero
1016 3477 1142 3542 excidit
1163 3496 1246 3540 casu

195 3579 309 3666 aliquo
332 3591 364 3644 et
387 3581 505 3663 elapsa
530 3576 600 3643 est!
652 3577 807 3664 [Tamen
824 3597 865 3641 ea
885 3596 1002 3640 carere
1027 3576 1153 3640 diutius
1177 3597 1245 3640 non

195 3679 323 3766 potes]
351 3700 439 3765 quae
463 3678 600 3764 quidem
624 3678 747 3761 quibus
772 3677 833 3740 abs
857 3689 888 3740 te
913 3675 1042 3739 initiata
1066 3675 1173 3739 sacris
1205 3696 1246 3740 ac

151 3805 182 3855 35
196 3780 375 3842 devota't
334 3791 375 3842 srt
391 3776 519 3848 nescio,
538 3775 629 3860 quod
647 3795 723 3839 eam
741 3795 881 3840 necesse
898 3786 997 3859 putas
1014 3796 1089 3840 esse
1105 3775 1142 3840 in
1166 3797 1244 3842 con·

195 3877 279 3940 sulis
308 3897 448 3961 corpore
473 3875 709 3960 defigere
