2714 4266
207 222 229 286 4
533 196 691 285 Dessnce
715 197 762 285 os
776 197 934 262 Roscius.
1071 193 1178 264 [Rosc.
1199 195 1264 246 Asa

209 401 243 464 in
269 399 342 466 foro
366 409 400 465 et
423 398 457 464 in
475 420 533 464 ore
550 397 704 464 omnium
724 397 846 464 cotidie
865 385 1076 472 versabatur,
1095 396 1208 484 magis
1225 405 1266 461 ut

209 502 382 566 exsultare
398 499 540 564 victoria
557 498 741 563 nobilitatis
758 497 942 572 videretur,
960 517 1064 583 quam
1081 498 1200 561 timere
1217 519 1264 562 ne

208 601 291 687 quid
308 622 353 666 ex
368 621 411 665 ea
428 598 632 665 calamitatis
650 597 713 663 sibi
731 597 913 663 accideret.

253 719 280 767 a.
304 700 412 766 Erant
439 699 471 765 ei
494 710 628 764 veteres
652 696 850 763 inimicitiae
875 719 953 762 curn
971 697 1103 762 duobus
1123 695 1263 760 Rosciis

178 799 399 882 5Amerinis,
433 821 578 887 quorum
612 799 756 864 alterum
795 798 915 862 sedere
952 797 988 861 in
1023 807 1263 862 accusatorum

209 900 381 966 subselliis
412 901 527 976 vide0,
553 900 700 964 alterurn
729 896 792 963 tria
821 898 963 985 hujusce
988 896 1128 982 praedia
1152 895 1263 981 possi-

208 1001 292 1065 dere
309 1000 423 1065 audio.
474 997 573 1083 Quas
591 997 787 1064 inimicitias
804 997 832 1062 si
849 1009 917 1061 tam
936 1017 1059 1061 cavere
1082 995 1261 1081 potuisset,

178 1124 183 1131 ·
209 1121 314 1185 quam
332 1111 483 1164 metuere
499 1100 643 1174 solebat,
661 1099 803 1163 viveret.
851 1095 975 1182 Neque
992 1096 1097 1172 enirn,
1110 1095 1260 1184 judices

209 1198 334 1287 injuria
358 1199 542 1264 metuebat.
591 1199 685 1264 Nam
710 1198 780 1264 duo
796 1197 850 1262 isti
868 1208 946 1262 sunt
961 1197 1007 1260 T.
1027 1195 1159 1271 Roscii,
1177 1217 1264 1282 quo-

163 1321 194 1364 to
211 1320 285 1362 rum
304 1299 399 1364 alteri
417 1295 578 1384 Capitoni
594 1319 789 1387 cognomen
807 1308 869 1372 est,
889 1297 951 1361 iste
967 1296 1025 1383 qui
1042 1297 1139 1361 adest
1158 1295 1264 1383 Mag-

211 1419 275 1463 nus
299 1410 452 1473 vocatur,
477 1398 634 1464 homines
658 1396 761 1485 hujus
787 1397 900 1462 modi:
933 1397 1018 1461 alter
1036 1396 1263 1482 plurimarum

211 1497 403 1583 palmarum
417 1509 513 1562 vetus
527 1518 568 1562 ac
581 1497 705 1563 nobilis
719 1496 890 1585 gladiator
907 1497 1063 1571 habetur,
1079 1496 1134 1560 hic
1147 1508 1262 1560 autem

210 1618 321 1682 nuper
337 1619 374 1662 se
391 1597 435 1662 ad
452 1619 531 1663 eum
549 1597 708 1662 lanistam
729 1597 891 1671 contulit3
920 1596 1047 1682 quique
1069 1607 1147 1660 ante
1171 1596 1264 1659 hanc

211 1717 365 1784 pugnam
388 1698 452 1762 tiro
469 1709 570 1773 esset,
594 1697 704 1784 [quod
722 1697 863 1786 sciam,]
885 1695 985 1761 facile
1003 1691 1114 1781 ipsum
1134 1699 1264 1782 magis:

167 1825 196 1880 ις
211 1808 299 1860 trum
316 1798 445 1861 scelere
462 1798 675 1884 audaciaque
694 1799 880 1882 superavit.
929 1815 994 1860 vn.
1021 1811 1048 1859 s.
1072 1794 1166 1859 Nam
1182 1816 1262 1859 cum

212 1895 268 1960 hic
285 1894 370 1960 Sex.
389 1895 539 1961 Roscius
564 1909 653 1961 esset
676 1896 854 1972 Ameriae,
876 1896 922 1959 T.
946 1907 1060 1960 autem
1085 1895 1147 1986 iuste
1172 1895 1264 1959 Ros-

211 1993 285 2060 cius
302 1995 458 2070 Romae3
482 2016 560 2059 cum
579 1996 635 2060 hic
650 1996 740 2061 filius
758 1996 923 2061 adsiduus
939 1995 974 2059 in
992 1996 1141 2082 praediis
1158 2005 1261 2070 esset,

212 2116 359 2181 cumque
383 2116 421 2160 se
443 2095 617 2160 voluntate
642 2096 748 2181 patris
772 2097 821 2161 rei
839 2095 998 2160 familiari
1016 2095 1172 2182 vitaeque
1189 2116 1264 2159 rus-

211 2194 299 2260 ticae
324 2194 486 2270 dedisset,
512 2195 574 2262 iste
604 2207 718 2260 autem
748 2196 908 2283 frequens
937 2196 1073 2261 Romae
1105 2207 1266 2270 esset,-

167 2327 199 2365 20
212 2294 378 2360 occiditur
403 2295 446 2359 ad
474 2295 617 2360 balneas
646 2295 829 2360 Palacinas
858 2296 996 2361 rediens
1020 2317 1041 2360 a
1064 2317 1151 2360 cena
1174 2295 1262 2360 Sex.

213 2392 374 2459 Roscius.
424 2394 535 2479 Spero
555 2417 599 2460 ex
620 2396 685 2461 hoc
709 2395 783 2481 ipso
808 2417 877 2461 non
902 2417 978 2462 esse
1002 2396 1199 2470 obscurum,
1218 2395 1265 2461 ad

212 2515 313 2579 quem
340 2493 480 2580 suspitio
502 2495 649 2561 malefici
679 2496 866 2581 pertineat:
891 2504 1010 2561 uerum
1028 2495 1075 2570 id,
1094 2496 1186 2582 quod
1203 2495 1266 2560 ad-

214 2593 282 2657 huc
301 2604 352 2657 est
372 2593 603 2679 suspitiosum,
625 2595 688 2660 nisi
710 2595 930 2680 perspicuum
954 2617 1008 2660 res
1033 2595 1107 2681 ipsa
1131 2595 1263 2671 fecerit,

214 2693 306 2757 hunc
331 2694 480 2759 adfinem
505 2695 627 2780 culpae
648 2695 849 2783 judicatote.

168 2825 199 2880 ²⁵
257 2809 286 2857 a.
310 2792 436 2858 Occiso
471 2792 555 2858 Sex.
590 2795 732 2871 Roscio,
763 2795 893 2881 primus
920 2793 1100 2860 Ameriam
1133 2794 1267 2860 nuntiat

215 2892 357 2957 Mallius
380 2891 526 2957 Glaucia
551 2894 705 2979 quidam,
725 2896 829 2961 homo
853 2895 976 2971 tenuis,
996 2895 1185 2970 libertinus,
1204 2895 1267 2959 cli·

214 3014 276 3058 ens
300 3003 333 3056 et
357 2991 533 3058 familiaris
558 2993 654 3059 istius
678 2995 724 3058 T.
758 2993 879 3071 Rosci,
911 3007 945 3060 et
967 2994 1100 3060 nuntiat
1124 2994 1266 3059 domurn

215 3114 284 3157 non
301 3092 374 3168 filii,
393 3093 454 3158 sed
470 3092 514 3156 T.
533 3093 713 3180 Capitonis
730 3094 881 3173 inimici3
905 3106 1033 3161 etcum
1051 3105 1128 3180 post
1139 3095 1267 3159 noram

216 3193 362 3278 primam
390 3193 497 3259 noctis
526 3195 661 3262 occisus
685 3208 787 3273 esset,
816 3196 927 3282 primo
950 3195 1102 3261 diluculo
1126 3194 1267 3260 nuntius

170 3292 272 3382 30hic
296 3292 472 3358 Ameriam
497 3294 602 3360 venit.
667 3295 799 3362 Decem
824 3296 916 3362 horis
940 3296 1115 3360 nocturnis
1143 3316 1205 3360 sex
1232 3307 1269 3360 et

215 3392 464 3480 quinquaginta
508 3395 601 3460 milia
639 3417 802 3480 passuum
840 3397 931 3462 cisiis
963 3395 1162 3482 pervolavit,
1197 3417 1268 3461 non

218 3494 318 3559 modo
335 3506 371 3558 ut
386 3505 583 3580 exoptatum
605 3494 744 3560 inimico
768 3497 923 3560 nuntium
949 3496 1078 3581 primus
1103 3496 1266 3571 adferret,

216 3594 395 3659 sedetiam
413 3616 570 3660 cruorem
587 3594 716 3659 inimici
734 3616 837 3681 quam
856 3595 1127 3660 recentissimum
1143 3595 1270 3661 telum-

216 3715 283 3779 que
300 3695 402 3779 paulo
419 3705 498 3758 ante
514 3714 533 3757 e
550 3714 692 3778 corpore
704 3702 898 3758 'extractum
914 3696 1118 3759 ostenderet.

172 3823 203 3878 35
261 3807 304 3852 ιο.
330 3792 534 3878 Qadriduo
559 3813 626 3876 quo
652 3793 737 3856 haec
754 3804 851 3877 gesta
869 3803 959 3866 sunt,
979 3795 1095 3858 res-ad
1113 3793 1270 3880 Chryso-

218 3913 347 3975 gonum
364 3892 399 3953 in
417 3901 527 3954 castra
546 3889 588 3952 L.
609 3888 728 3954 Sullae
741 3890 940 3955 Volaterras
957 3892 1119 3957 defertur.
1142 3885 1270 3982 'Mag-
