2668 4262
224 207 289 278 150
474 193 622 259 Cz'cero’s
644 193 752 259 Exr'le
775 196 850 259 aad
870 195 1022 260 Return.
1046 260 1048 262 ,
1121 193 1275 261 [sussum

222 395 404 459 lustrorum
430 417 470 460 ac
487 407 694 480 stuprorum,
712 396 805 471 vino,
824 396 958 484 ganeis,
978 394 1157 460 lenociniis
1180 397 1277 460 adul-

222 496 383 582 teriisque
408 494 623 561 confectum?
646 517 725 559 cum
742 497 770 561 is
793 508 928 581 praeter
944 517 1039 580 spem
1057 497 1092 559 in
1110 496 1277 560 altissimo

224 597 334 683 gradu
353 597 473 660 alienis
489 597 611 680 opibus
636 597 765 681 positus
782 609 883 670 esset,
902 597 960 682 qui
980 617 1047 660 non
1073 597 1176 660 modo
1196 607 1279 659 tem-

224 708 388 782 pestatem
414 696 668 781 impendentem
694 696 815 760 intueri
839 697 1058 767 temulentus,
1076 697 1137 760 sed
1161 717 1212 760 ne
1233 697 1279 758 lu·
1327 727 1328 740 π

175 827 188 882 5
224 819 299 862 cem
316 797 454 884 quidem
472 796 643 861 insolitam
662 797 816 881 aspicere
833 795 969 881 posset?
999 811 1026 858 τ.
1042 795 1280 861 Altermultos

224 899 326 983 plane
354 898 388 962 in
417 898 528 962 omnis
555 896 660 982 partis
685 895 815 960 fefellit.
875 896 959 961 Erat
984 897 1074 960 enim
1097 897 1279 960 hominum

224 999 375 1082 opinioni
400 999 573 1063 nobilitate
606 998 693 1082 ipsa,
720 997 848 1061 blanda
875 997 1156 1071 conciliatricula,
1188 1019 1282 1061 com·

225 1099 418 1163 mendatus
468 1097 599 1163 Omnes
615 1097 696 1162 boni
714 1119 851 1182 semper
867 1097 1033 1162 nobilitati
1057 1097 1234 1172 favemus,
1253 1109 1283 1160 et

224 1199 304 1283 quia
321 1200 403 1263 utile
420 1199 535 1263 estrei
560 1198 718 1283 publicae
736 1199 860 1262 nobilis
888 1197 1043 1262 homines
1060 1219 1135 1262 esse
1152 1198 1283 1284 dignos

177 1337 209 1375 10
227 1299 410 1386 majoribus
435 1299 517 1373 suis,
536 1309 569 1362 et
585 1298 665 1384 quia
682 1298 773 1362 valet
790 1299 881 1382 apud
898 1320 962 1362 nos
979 1299 1149 1362 clarorum
1171 1297 1284 1362 homi·

226 1421 308 1462 num
325 1410 357 1462 et
373 1400 460 1463 bene
478 1401 521 1462 de
538 1421 574 1462 re
601 1398 739 1483 publica
762 1399 958 1462 meritorum
986 1397 1150 1462 memoria
1178 1398 1283 1461 etiam

226 1511 449 1563 mortuorum.
500 1497 601 1584 ¹Quia
625 1499 754 1563 tristem
780 1519 929 1583 semper,
955 1498 1035 1585 quia
1059 1498 1281 1572 taciturnum,

226 1599 307 1684 quia
332 1599 573 1664 subhorridum
602 1611 703 1684 atque
735 1598 901 1662 incultum
927 1598 1102 1675 videbant,
1131 1609 1163 1662 et
1191 1599 1282 1684 quod

227 1707 299 1761 erat
315 1719 355 1763 eo
372 1699 523 1772 nomine,
542 1711 577 1761 ut
593 1697 796 1784 ingenerata
820 1697 971 1762 familiae
990 1698 1171 1784 frugalitas
1189 1699 1283 1763 vide·

178 1829 208 1884 15
227 1809 329 1877 retur,
346 1797 519 1871 favebant,
547 1798 757 1884 gaudebant,
786 1809 819 1862 et
847 1799 891 1862 ad
919 1798 1149 1884 integritatem
1177 1799 1283 1886 majo·

227 1919 302 1961 rum
319 1919 380 1982 spe
397 1919 459 1962 sua
477 1899 650 1962 hominem
665 1898 847 1972 vocabant,
863 1899 1005 1962 materni
1020 1899 1159 1985 generis
1172 1899 1279 1963 obliti.

226 2011 253 2056 s.
277 1997 354 2084 Ego
372 2010 541 2061 autem—
553 2019 632 2062 vere
650 1998 778 2071 dicam,
800 1998 934 2086 judices
946 2035 991 2046 -—
1003 2008 1135 2061 tantum
1153 2019 1235 2063 esse
1250 1999 1281 2061 in

218 2099 365 2162 'homine
394 2097 547 2172 sceleris,
572 2099 753 2172 audaciae,
771 2097 994 2172 crudelitatis,
1012 2109 1182 2183 quantum
1214 2100 1282 2183 ipse

228 2219 306 2262 cum
323 2220 359 2261 re
377 2198 513 2282 publica
531 2198 635 2271 sensi,
651 2218 839 2283 numquam
857 2197 985 2281 putavi.
1024 2197 1191 2282 Nequam
1210 2219 1282 2264 esse

175 2323 208 2360 20
228 2299 401 2362 hominem
419 2310 453 2361 et
469 2298 578 2361 levem
596 2308 629 2361 et
648 2297 753 2384 [falsa
770 2297 949 2385 opinione]
971 2318 1084 2361 errore
1102 2299 1281 2362 hommum

228 2399 271 2462 ab
289 2398 521 2462 adulescentia
547 2399 824 2462 commendatum
842 2398 1005 2460 sciebam.
1053 2396 1194 2460 Etenim
1214 2399 1281 2461 ani-

228 2520 303 2562 mus
320 2498 392 2585 ejus
405 2499 510 2572 voltu,
525 2497 656 2584 flagitia
673 2496 859 2582 parietibus
873 2498 1096 2584 tegebantur3
1114 2499 1178 2562 sed
1198 2500 1281 2564 haec

226 2599 409 2662 obstructio
427 2619 491 2661 nec
515 2598 673 2662 diuturna
691 2609 754 2671 est,
773 2618 884 2683 neque
908 2598 1057 2661 obducta
1076 2599 1122 2661 ita
1141 2611 1179 2662 ut
1197 2599 1282 2664 curi·

225 2697 427 2763 osisoculis
451 2697 598 2783 perspici
623 2718 692 2760 non
718 2697 835 2781 possit.

173 2815 206 2870 25
270 2812 298 2858 9.
321 2797 535 2862 Videbamus
560 2817 671 2884 genus
695 2797 798 2870 vitae,
816 2796 999 2870 desidiam,
1025 2796 1208 2860 inertiam:
1233 2799 1281 2862 in-

225 2900 340 2963 clusas
357 2899 429 2985 ejus
445 2898 604 2961 libidines
632 2897 689 2982 qui
707 2898 810 2981 paulo
828 2898 966 2981 propius
984 2911 1205 2961 accesserant
1233 2899 1281 2962 in·

225 3001 426 3064 tuebantur:
453 2997 600 3083 denique
617 2997 720 3060 etiam
738 3017 912 3061 sermones
930 3018 1032 3061 ansas
1048 2998 1191 3072 dabant,
1208 3000 1280 3085 qui·

225 3101 289 3164 bus
302 3099 493 3163 reconditos
510 3098 584 3186 ejus
600 3119 722 3162 sensus
736 3109 855 3190 tenere
873 3118 1062 3183 possemus.
1095 3097 1279 3164 Laudabat

226 3201 328 3264 homo
356 3200 475 3264 doctus
503 3199 726 3285 philosophos
756 3197 873 3262 nescio
900 3219 998 3282 quos
1023 3217 1134 3283 neque
1159 3219 1278 3261 eorum

173 3310 209 3362 30
226 3313 340 3364 tamen
358 3301 496 3365 nomina
522 3310 651 3384 poterat
668 3299 803 3362 dicere:
829 3297 889 3361 sed
907 3308 1021 3360 tamen
1038 3317 1097 3360 eos
1113 3297 1279 3363 laudabat

225 3402 375 3466 maxime
395 3402 452 3486 qui
476 3401 635 3465 dicuntur
659 3411 794 3483 praeter
819 3410 947 3483 ceteros
972 3417 1048 3460 esse
1072 3408 1230 3463 auctores
1248 3413 1278 3464 et
1327 3399 1328 3414 ¹

226 3504 419 3567 laudatores
444 3499 791 3585 voluptatis—cujus
820 3508 852 3561 et
877 3519 944 3582 quo
972 3508 1125 3582 tempore
1151 3509 1185 3562 et
1211 3522 1276 3585 quo

226 3604 327 3668 modo
354 3624 420 3666 non
450 3599 654 3686 quaerebat:
678 3599 820 3662 verbum
846 3597 957 3679 ipsum
987 3596 1146 3662 omnibus
1171 3601 1274 3662 animi
1327 3599 1328 3638 Ὗ

226 3715 258 3766 et
283 3701 433 3786 corporis
460 3699 612 3762 sensibus
635 3697 839 3760 devorabat:
870 3695 1078 3781 eosdemque
1099 3699 1274 3781 praeclare

175 3801 207 3854 35
226 3802 339 3865 dicere
366 3801 488 3870 aiebat,
507 3795 669 3879 sapientis
694 3793 808 3856 omnia
834 3814 895 3855 sua
920 3814 1023 3857 causa
1042 3795 1176 3867 facere3
1203 3819 1273 3860 rem
1327 3791 1328 3800 ’

226 3898 398 3982 publicam
424 3915 602 3977 capessere
629 3891 800 3954 bominem
826 3891 1059 3956 bene'sanum
1084 3917 1150 3959 non
1175 3917 1274 3980 opor·
