2714 4266
192 176 235 250 74
415 163 593 252 Pompey's
616 162 783 250 llsr'lr’lary
812 159 1014 228 Command.
1110 157 1252 247 [Mem
1299 192 1300 196 ¹

190 361 259 428 Cn.
293 363 460 450 Pompeio
494 362 647 430 omniurn
682 386 796 429 rerum
829 361 1051 451 egregiarum
1083 361 1251 446 exempla
1331 435 1332 444 ἵ

190 479 388 528 sumantur:
414 466 471 552 qui
488 488 555 552 quo
572 466 626 530 die
645 487 664 529 a
682 464 778 529 vobis
797 464 964 529 maritimo
985 463 1075 527 bello
1098 482 1252 547 praepo·
1331 471 1332 474 ’

164 589 167 596 ¹
190 564 273 628 situs
302 577 352 629 est
375 565 572 650 imperator,
598 577 690 629 tanta
716 575 855 649 repente
880 563 990 628 vilitas
1016 583 1177 626 annonae
1205 582 1251 625 ex
1331 569 1332 624 ἰ

190 685 325 728 summa
354 665 467 750 inopia
496 676 529 729 et
556 667 695 729 caritate
720 665 768 728 rei
792 663 1035 728 frumentariae
1060 673 1250 726 consecuta
1331 661 1332 716 l

161 784 176 839 5
191 776 242 827 est
258 765 358 828 unius
375 765 522 829 hominis
540 787 599 849 spe
617 785 658 829 ac
675 764 826 839 nomine,
844 775 1008 849 quantam
1025 762 1084 826 vix
1100 762 1136 826 in
1154 783 1250 826 sum·

192 884 247 927 ma
268 866 420 930 ubertate
440 886 602 951 agrorum
628 865 787 936 diuturna
813 886 882 950 pax
905 863 1041 934 efficere
1066 861 1247 948 potuisset.

190 979 235 1028 45.
254 964 334 1050 Jam
351 977 493 1050 accepta
510 965 543 1028 in
561 964 670 1029 Ponto
687 965 883 1030 calamitate
903 985 948 1029 ex
971 985 1013 1028 eo
1037 963 1184 1048 proelio,
1204 962 1249 1028 de

191 1086 330 1151 quovos
341 1067 444 1149 paulo
456 1076 533 1130 ante
544 1064 668 1129 invitus
680 1064 1000 1140 admonui,--cum
1011 1063 1095 1128 socii
1106 1063 1251 1148 pertim-

189 1165 332 1239 uissem,
348 1164 493 1230 hostium
511 1187 594 1250 opes
608 1166 782 1252 animique
796 1164 995 1239 crevissent,
1012 1163 1093 1228 satis
1106 1163 1248 1228 firmum

144 1289 175 1324 10
191 1264 399 1347 praesidium
411 1264 586 1349 provincia
598 1287 666 1333 non
679 1266 886 1339 haberet‚—
897 1263 1096 1328 amisissetis
1106 1261 1246 1337 Asiam,

193 1361 357 1447 Quirites,
378 1364 441 1428 nisi
460 1365 501 1428 ad
520 1364 632 1448 ipsum
649 1364 833 1428 discrimen
851 1363 924 1451 ejus
941 1363 1102 1448 temporis
1122 1363 1248 1428 divini-

190 1474 244 1527 tus
261 1462 328 1528 Cn.
348 1462 550 1549 Pompeium
570 1464 613 1528 ad
631 1485 690 1528 eas
707 1465 866 1550 regiones
884 1463 1018 1527 fortuna
1035 1462 1152 1548 populi
1173 1463 1249 1528 Ro-

192 1563 284 1626 mani
299 1563 474 1628 attulisset.
512 1564 623 1650 Hujus
638 1564 804 1628 adventus
818 1577 851 1628 et
862 1563 1096 1628 Mithridatem
1109 1564 1249 1628 insolita
1331 1627 1332 1650 χ

191 1662 439 1728 inflammatum
464 1664 604 1728 victoria
629 1663 806 1738 continuit,
831 1674 864 1728 et
890 1663 1080 1752 Tigranem
1108 1665 1247 1750 magnis
1331 1729 1332 1740 .

146 1788 177 1839 15
192 1763 299 1847 copiis
331 1762 543 1828 minitantem
575 1762 683 1828 Asiae
720 1764 918 1829 retardavit.
985 1762 1030 1828 Et
1061 1765 1246 1851 quisquam
1331 1747 1332 1810 l

192 1863 358 1927 dubitabit
380 1865 462 1950 quid
486 1865 606 1928 virtute
631 1851 842 1949 perfecturus
862 1865 916 1940 sit,
935 1865 991 1950 qui
1013 1877 1143 1929 tantum
1165 1886 1247 1930 auc-

191 1964 322 2028 toritate
354 1963 554 2049 perfecerit?
593 1978 652 2029 aut
685 1985 788 2050 quam
826 1965 926 2029 facile
963 1964 1106 2049 imperio
1143 1977 1246 2052 atque

192 2065 344 2127 exercitu
364 2064 474 2128 socios
491 2076 523 2128 et
540 2065 722 2152 vectigalia
740 2078 1002 2129 conservaturus
1019 2065 1074 2139 sit,
1092 2065 1151 2152 qui
1169 2067 1244 2150 ipso

192 2164 330 2227 nomine
363 2184 404 2228 ac
435 2185 569 2229 rumore
602 2163 833 2251 defenderit&
861 2185 937 2228 xvc
965 2182 1012 2228 40.
1036 2165 1116 2252 Age
1149 2188 1243 2239 ver0‚

146 2289 178 2322 ιο
193 2263 251 2326 illa
268 2284 321 2326 res
338 2275 501 2350 quantam
518 2264 670 2328 declarat
686 2265 839 2352 ejusdem
859 2265 1006 2330 hominis
1027 2267 1118 2350 apud
1139 2266 1245 2330 hostis

193 2363 308 2447 populi
324 2363 474 2426 Romani
492 2364 738 2436 auctoritatem,
753 2365 843 2450 quod
862 2386 905 2428 ex
923 2365 1006 2430 locis
1022 2378 1092 2430 tam
1110 2366 1246 2451 longin·
1331 2355 1332 2376 ³

174 2463 268 2550 ,quis
290 2473 427 2554 tamque
447 2463 590 2527 diversis
606 2475 676 2527 tam
694 2464 787 2527 brevi
805 2475 957 2548 tempore
974 2487 1094 2530 omnes
1111 2465 1191 2528 huic
1207 2485 1244 2529 se
1331 2455 1332 2492 Τ

191 2563 251 2627 uni
277 2561 500 2626 dediderunt?
531 2564 621 2648 quod
646 2585 668 2626 a
691 2564 861 2627 communi
882 2562 1097 2629 Cretensium
1123 2564 1241 2651 legati,
1331 2553 1332 2580 ³

193 2684 271 2727 cum
290 2662 322 2726 in
341 2685 458 2726 eorum
476 2663 587 2726 insula
605 2674 718 2727 noster
735 2663 918 2747 imperator
934 2665 1171 2750 exercitusque
1191 2685 1244 2728 es·
1331 2659 1332 2734 ξ

148 2789 179 2838 25
194 2775 256 2834 set,
273 2763 316 2826 ad
328 2761 394 2827 Cn.
411 2761 612 2846 Pompeium
627 2762 660 2825 in
675 2762 810 2827 ultimas
827 2785 932 2848 prope
946 2775 1053 2828 terras
1063 2777 1241 2838 venerunt,
1331 2751 1332 2758 ἵ

195 2862 293 2948 eique
318 2883 354 2926 se
371 2862 481 2925 omnis
498 2860 713 2926 Cretensium
732 2862 884 2927 civitates
901 2864 1027 2928 dedere
1043 2865 1131 2929 velle
1148 2864 1244 2928 dixe-

194 2960 292 3025 runt?
332 2960 449 3047 Quid?
481 2961 571 3024 idem
590 2961 652 3025 iste
670 2961 886 3028 Mithridates
904 2985 1016 3029 nonne
1034 2966 1078 3029 od
1095 2965 1241 3030 eundem

194 3059 260 3126 Cn.
289 3060 490 3146 Pompeium
521 3061 671 3147 legatum
702 3083 809 3147 usque
837 3062 871 3126 in
903 3063 1107 3148 Hispaniam
1134 3064 1242 3130 misit?
1331 3139 1332 3144 .

194 3187 272 3230 eum
305 3183 406 3249 quem
439 3160 623 3247 Pompeius
656 3162 806 3248 legatum
839 3184 974 3246 semper
1004 3164 1184 3251 judicavit,
1212 3166 1241 3230 ei

150 3290 182 3340 30
194 3265 316 3352 quibus
346 3274 418 3326 erat
446 3260 616 3348 [semper]
644 3262 821 3326 molestum
852 3263 895 3326 ad
923 3283 1001 3326 eum
1030 3263 1240 3348 potissimum

194 3386 270 3430 esse
302 3362 469 3434 missum.
492 3361 740 3445 speculatorem
776 3383 879 3448 quam
915 3362 1065 3449 legatum
1098 3363 1240 3450 judicari

195 3466 399 3529 maluerunt.
449 3460 593 3524 Potestis
618 3460 720 3546 igitur
741 3460 813 3548 jam
838 3462 1054 3536 constituere,
1078 3462 1238 3547 Qirites‚

195 3568 285 3629 hanc
310 3561 555 3633 auctoritatem,
576 3559 690 3624 multis
715 3573 831 3643 postea
852 3563 952 3624 rebus
970 3563 1075 3648 gestis
1093 3564 1240 3648 magnis-

194 3686 260 3749 que
284 3661 405 3725 vestris
426 3659 563 3746 judiciis
588 3659 844 3741 amplificatam,
863 3673 1027 3742 quantum
1054 3663 1146 3745 apud
1169 3663 1240 3727 illos

153 3783 308 3845 35regm,
331 3769 496 3842 quantum
517 3757 609 3840 apud
630 3768 764 3820 exteras
787 3755 941 3820 nationes
965 3759 1144 3824 valituram
1170 3782 1241 3826 esse
1331 3819 1332 3838 .

196 3856 406 3920 existimetis.
