2668 4262
208 201 271 268 162
459 203 606 270 Cicero's
629 203 738 270 Exae’le
760 207 835 270 aad
855 205 1010 271 Rerum.
1102 204 1253 275 [sesnes

205 404 249 468 ad
266 404 372 490 pedes
390 404 554 492 abjectus.
605 404 667 470 Ille
684 427 722 472 se
739 407 923 472 adfirmare
946 419 1082 492 postero
1105 407 1166 473 die
1190 431 1256 472 mo·

204 526 277 568 ram
295 506 424 569 nullam
442 527 517 570 esse
535 507 715 570 iacturum.
764 507 941 573 Creditum
967 523 1037 572 est:
1066 509 1255 574 discessum

204 617 266 668 est.
316 604 368 667 llli
389 606 518 670 interea
538 607 756 672 deliberatori
774 629 918 681 merces,
938 610 1043 695 longa
1059 609 1257 695 interposita

205 718 315 778 nocte,
345 706 518 788 duplicata
551 720 612 769 est.
663 706 848 772 Consecuti
881 708 954 773 dies
986 709 1086 794 pauci
1118 710 1258 774 omnino

150 828 164 882 5
188 803 365 888 'Januarro
391 826 508 868 mense
532 827 593 889 per
617 827 703 892 quos
720 821 877 873 senatum
896 809 1015 874 haberi
1033 810 1175 874 liceret:
1202 811 1259 874 sed

203 917 316 966 tamen
335 916 447 967 actum
465 905 550 969 nibil
568 905 631 970 nisi
649 908 692 971 de
710 930 777 972 me.

230 1018 292 1064 aa.
316 1001 412 1067 Cum'
426 1003 519 1068 omni
538 1027 645 1082 mora,
664 1008 910 1084 ludificatione,
929 1009 1103 1075 calumnia
1120 1022 1260 1076 senatus

203 1102 385 1168 auctoritas
413 1104 648 1190 impediretur,
671 1109 764 1172 venit
791 1111 932 1174 tandem
960 1111 1106 1176 concilio
1136 1112 1182 1176 de
1209 1132 1260 1172 me

203 1203 331 1290 agendi
348 1204 421 1269 dies
438 1225 518 1269 vnr.
539 1206 719 1274 Kalendas
744 1208 966 1276 Februarias.
1014 1211 1185 1296 Princeps
1209 1233 1259 1274 ro-

152 1334 184 1374 ιο
203 1305 363 1391 gationis,
381 1306 433 1370 vir
450 1307 533 1372 mihi
551 1309 793 1383 amicissimus,
814 1308 867 1393 Q
880 1309 1074 1386 Fabricius,
1091 1312 1258 1395 templum

203 1405 378 1492 aliquanto
395 1421 472 1472 ante
489 1409 601 1472 lucem
621 1409 811 1494 occupavit.
861 1409 1009 1491 Qietus
1033 1433 1074 1475 eo
1097 1410 1155 1476 die
1179 1409 1258 1476 Ses-

202 1505 280 1580 tius,
297 1507 325 1571 is
338 1508 395 1594 qui
409 1522 459 1573 est
475 1510 518 1573 de
535 1510 566 1573 vi
584 1531 684 1574 reus:
705 1522 798 1573 actor
815 1509 872 1574 hic
888 1511 1115 1598 defensorque
1134 1530 1258 1575 causae

204 1628 301 1672 meae
319 1610 403 1674 nihil
421 1609 657 1696 progreditur3
684 1609 826 1674 consilia
845 1623 1022 1694 exspectat
1041 1611 1257 1676 inimicorum

204 1729 368 1773 meorum.
433 1708 528 1793 Quid
556 1709 618 1782 illi,
648 1730 793 1795 quorum
822 1711 965 1774 consilio
994 1709 1035 1774 P.
1062 1709 1200 1776 Sestius
1226 1710 1256 1772 in

152 1825 182 1881 ις
200 1807 367 1894 judicium
385 1823 538 1884 vocatur,
557 1831 625 1894 quo
642 1830 679 1874 se
697 1821 797 1894 pacto
821 1809 967 1896 gerunt?
990 1869 992 1874 .
1015 1809 1105 1875 Cum
1133 1810 1255 1882 sorum,

204 1909 391 1983 comitium,
416 1910 545 1974 curiam
575 1910 680 1974 multa
705 1910 748 1974 de
773 1923 872 1976 nocte
897 1910 1038 1976 armatis
1061 1910 1257 1976 hominibus

204 2029 246 2071 ac
270 2011 377 2074 servis
401 2011 572 2096 plerisque
596 2009 870 2096 occupavissent,
889 2011 1053 2096 impetum
1077 2010 1211 2076 faciunt
1227 2010 1255 2072 in

204 2107 421 2182 Fabricium
447 2129 570 2173 manus
590 2110 760 2184 adserunt,
778 2111 940 2175 occidunt
955 2133 1022 2176 non
1041 2112 1171 2187 nullos,
1190 2111 1257 2175 vol-

204 2223 324 2274 nerant
347 2212 483 2274 multos.
531 2225 579 2272 aa.
601 2208 806 2274 Venientem
831 2210 866 2272 in
890 2210 1016 2286 sorum,
1036 2211 1146 2274 virum
1175 2210 1256 2295 opti-

149 2315 183 2358 20'
204 2329 296 2372 mum
311 2321 344 2374 et
357 2310 680 2383 constantissimum,
694 2309 746 2372 M.
761 2307 930 2393 Cispium,
943 2311 1116 2374 tribunum
1130 2311 1251 2395 plebis,

202 2409 235 2471 vi
254 2409 448 2495 depellunt:
474 2411 616 2474 caedem
638 2411 670 2472 in
696 2409 768 2473 soro
792 2409 980 2472 maximam
1005 2410 1156 2474 faciuntz
1185 2409 1254 2474 uni-

202 2512 373 2596 versique,
395 2511 562 2576 destrictis
587 2510 712 2597 gladiis
734 2521 767 2574 et
783 2509 944 2582 cruentis,
964 2508 999 2573 in
1016 2511 1178 2575 omnibus
1196 2507 1251 2573 sori

202 2612 355 2693 partibus
380 2611 515 2675 fratrem
543 2633 654 2674 meum
682 2609 810 2696 [virum
832 2609 1253 2694 optimum‚.sortissimum

204 2711 336 2797 meique
354 2709 644 2796 amantissimum]
665 2709 774 2774 oculis
790 2709 1014 2794 quaerebant,
1032 2730 1117 2774 voce
1135 2729 1252 2793 posce·

148 2805 180 2865 ²3
201 2810 295 2874 bant.
346 2809 502 2898 Quorum
516 2811 574 2873 ille
586 2810 662 2874 telis
675 2809 820 2873 libenter
835 2809 870 2872 in
887 2821 980 2872 tanto
998 2810 1090 2873 luctu
1107 2830 1148 2872 ac
1165 2808 1252 2875 desi·

202 2910 296 2974 derio
309 2911 376 2974 mei
392 2909 477 2997 [non
492 2908 721 2996 repugnandi,
735 2909 796 2973 sed
809 2908 976 2973 moriendi
989 2907 1113 2996 causa]
1128 2929 1250 2994 corpus

199 3011 377 3075 obtulisset
393 3033 505 3083 suurn,
524 3010 587 3073 nisi
605 3029 704 3073 suam
722 3009 824 3072 vitam
842 3009 893 3072 ad.
908 3030 1008 3093 ,spem
1033 3008 1101 3073 mei
1124 3009 1250 3074 reditus

201 3121 420 3176 reservasset.
457 3109 568 3174 Subiit
578 3121 695 3172 tamen
706 3109 773 3172 vim
788 3109 883 3172 illam
897 3108 1063 3172 nefariam
1077 3109 1249 3174 conscele-

200 3224 350 3276 ratorum
366 3212 548 3282 latronum,
567 3220 612 3282 et,
631 3230 709 3273 cum
728 3209 773 3273 ad
790 3207 900 3272 fratris
917 3209 1061 3272 salutem
1079 3229 1099 3272 a
1123 3209 1248 3294 populo

146 3325 180 3378 30
201 3311 362 3376 Romano
384 3309 638 3396 deprecandam
658 3309 819 3382 venisset,
838 3309 957 3392 pulsus
973 3329 993 3372 e
1009 3309 1126 3374 rostris
1143 3309 1178 3373 in
1194 3329 1246 3374 co-

202 3413 294 3477 mitio
307 3413 426 3499 jacuit,
445 3431 549 3497 seque
566 3431 742 3474 servorum
766 3419 799 3472 et
826 3408 1022 3472 libertorum
1052 3408 1245 3492 corporibus

200 3513 340 3586 obtexit,
358 3511 529 3596 vitamque
542 3521 613 3573 turn
631 3529 729 3573 suam
746 3507 854 3571 noctis
877 3517 910 3570 et
934 3507 1038 3594 fugae
1063 3507 1242 3592 praesidio,

196 3634 268 3676 ‘non
282 3612 367 3699 juris
380 3611 654 3698 judiciorumque
667 3607 830 3672 defendit.
867 3622 915 3668 40.
941 3605 1147 3672 Meministis
1163 3617 1240 3679 tum,

206 3712 352 3797 judiceS,
374 3711 571 3794 corporibus
596 3708 721 3771 civium
745 3707 898 3800 Tiberim
916 3706 1094 3791 compleri,
1113 3709 1241 3773 cloacas

146 3825 179 3878 35
201 3809 365 3879 resarciri,
384 3830 402 3872 e
419 3809 491 3871 soro
508 3807 663 3891 spongiis
685 3805 801 3891 effingi
826 3806 1045 3891 sanguinem,
1070 3818 1106 3871 ut
1128 3829 1241 3872 omnes
1303 3879 1304 3889 χ

200 3916 326 3970 tantam
359 3905 451 3968 illam
480 3905 615 3988 copiam
643 3917 676 3967 et
702 3916 771 3967 tam
797 3903 1019 3989 magnificum
1045 3919 1239 3990 apparatum
