2668 4262
218 224 280 294 152
468 208 615 274 Cr'cere's
637 207 746 274 Exe'le
769 210 843 273 aad
862 207 1017 276 Return.
1110 205 1255 278 [smus.

215 409 371 475 vestitum
403 421 578 475 senatores
609 409 770 474 redirent.
831 407 922 496 Quis
952 429 1116 497 umquam
1145 410 1257 474 consul

178 519 180 524 ’
215 525 370 600 senatum
388 510 495 595 ipsius
511 510 655 575 decretis
681 530 800 594 parere
818 508 1019 594 probibuit?
1044 508 1135 592 Quis
1150 521 1258 596 tyran-

216 633 280 675 nus
306 611 448 676 miseros
474 610 593 696 lugere
614 607 750 674 vetuit?
797 607 969 674 Parumne
992 620 1054 684 est,
1081 609 1260 674 Piso-ut

215 711 368 774 omittam
395 703 739 795 Gabinium-quod
766 719 897 774 tantum
923 710 1078 775 homines
1103 708 1259 778 fefellisti.

166 835 181 890 ς
217 822 252 873 ut
280 809 486 896 neglegeres
514 809 746 874 auctoritatem
775 815 927 884 senatus,
954 808 1071 893 optimi
1099 809 1260 896 cujusque

216 908 359 974 consilia
391 919 641 982 contemneres,
671 929 743 971 rem
775 908 948 992 publicam
980 908 1157 1004 prpderes,
1188 927 1262 972 con-

216 1009 329 1073 sulare
354 1030 479 1073 nornen
496 1006 714 1095 adfligeres?
760 1006 919 1072 Etiamne
941 1009 1076 1074 edicere
1098 1009 1260 1081 audebas,

217 1129 260 1172 ne
284 1120 475 1172 maererent
499 1107 656 1173 homines
680 1127 806 1181 meam,
825 1128 937 1182 suam,
956 1108 1003 1171 rei
1028 1107 1190 1192 publicae
1212 1127 1264 1170 ca-

216 1206 425 1272 lamitatem?
449 1229 492 1272 ne
509 1208 602 1272 hunc
617 1229 716 1271 suum
733 1207 886 1273 dolorem
902 1219 996 1272 veste
1011 1205 1263 1294 significarent?

167 1345 201 1386 10
216 1305 299 1372 Sive
327 1308 386 1372 illa
412 1307 516 1372 vestis
545 1307 684 1371 mutatio
713 1307 756 1371 ad
783 1307 911 1370 luctum
939 1307 1104 1391 ipsorum,
1126 1308 1202 1371 sive
1226 1307 1264 1370 ad

216 1407 472 1491 deprecandum
489 1407 638 1480 valebat,
657 1406 732 1492 quis
756 1427 920 1492 umquam
942 1418 1011 1472 tam
1036 1407 1188 1472 crudelis
1209 1406 1264 1470 suit

216 1507 273 1593 qui
291 1507 487 1592 prohiberet
501 1527 709 1593 quemquam
728 1518 786 1571 aut
800 1506 865 1570 sibi
887 1527 1041 1572 maerere
1066 1517 1124 1572 aut
1146 1506 1264 1572 ceteris

216 1605 442 1692 supplicare?
488 1627 530 1674 12.
555 1605 672 1689 Quid?
697 1627 759 1672 sua
787 1619 907 1692 sponte
935 1607 1092 1672 homines
1119 1608 1155 1672 in
1187 1606 1263 1672 anri·

217 1728 334 1772 corum
352 1707 512 1792 periculis
530 1707 687 1772 vestitum
714 1719 845 1772 mutare
870 1729 939 1774 non
966 1706 1105 1774 solent?
1153 1707 1263 1773 Prote

169 1839 199 1894 μς
217 1808 304 1892 ipso,
333 1807 426 1883 Piso,
453 1829 600 1874 nemone
632 1806 805 1872 mutabit?
838 1830 882 1874 ne
915 1808 967 1874 isti
999 1808 1152 1895 quidem,
1186 1829 1263 1896 quos

221 1907 389 1996 [legatos]
411 1931 478 1974 non
504 1910 605 1975 modo
622 1909 716 1975 nullo
738 1910 1061 1983 senatusconsulto,
1079 1911 1140 1976 sed
1167 1911 1263 1976 etiarn

217 2020 431 2096 repugnante
459 2021 579 2074 senatu
603 2009 662 2075 tibi
691 2020 760 2075 tute
786 2009 943 2096 legasti?
999 2010 1094 2099 Ergo
1119 2011 1263 2076 hominis

218 2108 388 2194 desperati
416 2121 449 2175 et
476 2110 656 2195 proditoris
683 2110 731 2176 rei
764 2111 924 2196 publicae
951 2132 1069 2178 casum
1101 2113 1265 2200 lugebunt

218 2207 360 2275 fortasse
391 2211 448 2297 qui
477 2212 622 2276 volent:
658 2211 743 2276 civis
771 2211 1000 2278 florentissimi
1028 2212 1263 2280 benevolentia

166 2330 201 2368 ιο
217 2309 385 2375 bonorum
402 2320 435 2375 et
450 2311 576 2395 optime
593 2312 636 2376 de
654 2310 761 2377 salute
787 2312 919 2396 patriae
944 2313 1055 2379 meriti
1077 2314 1262 2400 periculum

217 2410 436 2499 conjunctum
461 2432 538 2476 cum
568 2411 720 2497 periculo
745 2411 890 2478 civitatis
912 2414 1033 2501 lugere
1049 2414 1185 2480 senatui
1202 2433 1262 2478 non
1315 2423 1316 2434 l

218 2509 362 2576 licebit?
409 2511 599 2600 Eidemque
624 2512 782 2578 consules
811 2513 857 2598 (si
875 2514 1072 2598 appellandi
1092 2527 1173 2579 sunt
1190 2535 1263 2580 con·

217 2613 322 2687 sules,
341 2633 426 2698 quos
444 2633 543 2677 nemo
560 2624 612 2676 est
627 2612 709 2698 quin
731 2633 800 2677 non
825 2615 927 2680 modo
943 2635 988 2678 ex
1010 2616 1190 2691 memoria,
1208 2614 1263 2680 sed

216 2713 319 2777 etiam
345 2733 389 2776 ex
414 2711 510 2776 lastis
535 2712 732 2778 evellendos
758 2714 887 2798 putet),
911 2725 1012 2799 pacto
1032 2716 1104 2803 jam
1129 2715 1262 2782 foedere
1314 2767 1315 2774 ,

162 2821 199 2875 '25
218 2812 484 2898 provinciarum,
503 2813 657 2897 producti
674 2813 709 2876 in
727 2813 817 2878 circo
834 2813 1005 2880 Flaminio
1022 2815 1056 2880 in
1073 2816 1263 2882 contionem

218 2914 262 2978 ab
278 2913 336 2977 illa
353 2912 440 2976 suria
458 2933 500 2977 ac
517 2925 610 2998 peste
627 2913 770 2998 patriae,
786 2915 937 2980 maximo
953 2936 1035 2980 cum
1050 2916 1181 3004 gemitu
1193 2937 1263 2982 ves·

216 3024 268 3080 tro
292 3013 351 3078 illa
374 3014 490 3078 omnia
514 3035 598 3080 voce
620 3034 663 3078 ac
683 3015 850 3078 sententia
866 3035 929 3079 sua
945 3019 1262 3103 comprobaverunt.
1313 3089 1314 3104 χ

218 3113 333 3180 Isdem
357 3113 553 3178 consulibus
574 3114 770 3182 sedentibus
793 3126 893 3201 atque
912 3115 1181 3201 inspectantibus
1197 3116 1262 3179 lata

217 3214 274 3279 lex
291 3225 353 3288 est,
370 3213 431 3280 Ne
450 3215 608 3299 auspicia
624 3214 796 3287 valerent,
813 3217 951 3299 nequis
974 3215 1206 3290 obnuntiaret,
1223 3233 1262 3278 ne

166 3317 202 3371 30
217 3316 294 3401 qm's
315 3315 389 3400 legi
408 3313 655 3378 intercederet:
680 3321 724 3376 ut·
735 3314 890 3378 omnibus
896 3317 1009 3398 fastis
1023 3315 1142 3380 dt'ebus
1156 3316 1260 3404 legem

212 3414 314 3500 ferri
333 3415 472 3479 liceret:
499 3421 536 3477 ut
555 3414 611 3477 lex
627 3411 745 3487 Aelia,
762 3412 819 3476 lex
839 3412 945 3498 Fufia
961 3436 1004 3477 ne
1018 3415 1172 3482 valeret:
1197 3433 1259 3503 qua
1312 3405 1313 3436 ³

217 3535 285 3579 una
297 3514 475 3601 rogatione
487 3513 564 3598 quis
578 3525 628 3576 est
638 3513 695 3597 qui
711 3533 778 3576 non
796 3511 972 3600 intellegat
983 3515 1179 3580 universam
1192 3536 1256 3580 rem

216 3615 389 3700 publicam
407 3635 482 3678 esse
506 3610 685 3676 deletam?
730 3628 771 3674 rs.
796 3611 979 3698 Isdemque
1003 3615 1200 3681 consulibus
1212 3616 1257 3678 in·

216 3713 461 3797 spectantibus,
481 3732 657 3775 servorum
681 3711 824 3774 dilectus
848 3712 1062 3778 habebantur
1081 3737 1143 3801 pro
1161 3716 1256 3780 tribu·

165 3806 199 3860 3⁵
216 3810 285 3873 nali
297 3809 439 3875 Aurelio
453 3809 590 3872 nomine
604 3808 853 3894 conlegiorum,
866 3831 944 3874 curn
954 3812 1092 3878 vicatim
1110 3815 1256 3881 homines

216 3908 523 3980 conscriberentur,
542 3906 810 3983 decuriarentur‚
835 3909 880 3973 ad
894 3909 978 3986 vim,
997 3913 1043 3978 ad
1066 3935 1202 3993 manus,
1218 3913 1257 3980 ad

150 4164 239 4224 h.
