2668 4262
197 217 263 262 110
488 195 703 286 Conspiracy
726 200 775 286 ff
792 196 955 266 Catilina.

196 409 296 486 atque
320 399 387 464 hoc
410 399 621 464 domicilium
650 399 831 466 clarissimi
862 401 997 486 imperi,
1023 401 1262 468 fortunatissi-

197 522 288 564 mam
316 501 653 586 pulcherrimamque
677 501 810 575 urbem,
836 502 1001 566 hodierno
1025 503 1080 567 die
1105 503 1260 568 deorum

195 601 437 664 immortalium
464 623 597 665 summo
622 622 706 688 erga
727 623 788 666 vos
809 623 938 678 amore,
960 603 1150 678 laboribus,
1171 625 1261 668 con-

196 702 293 776 siliis,
316 702 477 786 periculis
500 701 599 776 meis,
621 725 639 766 e
663 701 804 765 flamma
829 713 930 789 atque
955 703 1045 768 ferro
1071 725 1113 768 ac
1136 725 1259 788 paene

167 821 241 876 sex
272 802 428 866 saucibus
459 801 518 865 lati
552 815 704 887 ereptam
736 813 769 866 et
802 802 899 867 vobis
935 817 1175 868 conservatam
1215 825 1260 869 ac

196 901 382 966 restitutam
400 901 535 966 videtis.
583 915 612 963 2·
636 901 730 966 Etsi
754 924 822 968 non
848 902 962 968 minus
985 903 1083 968 nobis
1103 903 1258 992 jucundi

198 1013 298 1088 atque
330 1001 489 1066 inlustres
523 1013 602 1066 sunt
641 1002 674 1068 ¹ei
715 1002 790 1068 dies
830 1003 954 1089 quibus
989 1024 1255 1080 conservamur,

197 1123 300 1187 quam
329 1101 378 1165 illi
401 1102 525 1188 quibus
549 1102 894 1189 nascimur,-quod
918 1102 1037 1194 salutis
1061 1114 1156 1168 certa
1181 1105 1253 1168 laea

197 1200 267 1266 titia
284 1212 347 1276 est,
365 1202 529 1266 nascendi
547 1201 677 1266 incerta
694 1203 871 1276 condicio;
896 1213 930 1266 et
945 1203 1036 1289 quod
1054 1202 1128 1268 sine
1145 1225 1256 1269 sensu

150 1323 182 1360 ιο
197 1301 384 1376 nascimur,
410 1323 488 1366 cum
513 1301 686 1387 voluptate
714 1302 1136 1388 servamur,-profecto,
1168 1325 1256 1390 quo-

197 1401 290 1466 niam
311 1402 406 1466 illum
427 1402 485 1489 qui
506 1402 597 1466 hanc
616 1403 736 1466 urbem
760 1402 912 1468 condidit
935 1403 980 1468 ad
1004 1403 1087 1468 deos
1110 1403 1256 1468 immor-

196 1501 275 1566 talis
299 1502 536 1567 benevolentia
558 1502 718 1589 famaque
741 1503 952 1578 sustulimuS,
975 1524 1051 1568 esse
1071 1505 1166 1588 apud
1184 1515 1254 1568 ‘vos

197 1612 418 1688 posterosque
441 1614 572 1667 vestros
596 1603 631 1666 in
657 1604 786 1668 bonore
810 1603 947 1668 debebit
971 1603 1000 1668 is
1022 1605 1082 1690 qni
1100 1605 1253 1668 ‘eandem

199 1702 289 1766 banc
305 1704 425 1766 urbem
442 1702 613 1767 conditam
631 1703 944 1790 amplificatamque
960 1704 1121 1768 servavit.
1156 1703 1252 1768 Nam

151 1790 182 1874 is
198 1802 255 1866 toti
269 1801 358 1876 urbi,
372 1802 521 1887 templis,
536 1802 699 1876 delubris,
715 1803 812 1868 tectis
826 1825 866 1867 ac
884 1805 1062 1868 moenibus
1070 1804 1252 1902 ‘subjectos

198 1922 304 1987 prope
317 1902 389 1989 jam
407 1902 498 1989 ignis
515 1902 810 1988 circumdatosque
827 1903 1046 1968 restinximus
1059 1901 1250 1990 ;'idemque

198 2002 334 2089 gladios
349 2002 384 2066 in
401 2023 473 2066 rem
494 2003 667 2087 publicam
688 2002 865 2068 destrictos
885 2003 1097 2078 rettudimus,
1117 2024 1251 2068 mucro·

198 2123 328 2188 nesque
352 2123 469 2167 eorum
495 2123 514 2167 a
535 2103 667 2191 jugulis
691 2104 812 2168 vestris
832 2104 1032 2191 dejecimus.
1095 2117 1123 2164 3.
1148 2102 1250 2188 Qae

198 2204 359 2289 quoniam
382 2203 416 2266 in
434 2217 553 2269 senatu
570 2205 761 2278 inlustrata,
780 2204 962 2290 patefacta,
982 2216 1156 2290 comperta
1173 2216 1250 2269 sunt

149 2323 182 2358 20
199 2325 260 2390 per
284 2325 352 2380 me,
377 2305 474 2369 vobis
494 2305 567 2392 jam
593 2325 764 2389 exponam
787 2305 946 2378 breviter,
971 2303 1138 2389 Qirites,
1161 2315 1249 2368 utet

198 2416 325 2490 quanta
343 2418 458 2490 etqua
475 2405 605 2468 ratione
621 2405 827 2490 investigata
845 2416 877 2468 et
894 2405 1144 2488 comprehensa
1168 2403 1246 2478 sint,

197 2527 260 2569 vos
276 2504 332 2590 qui
350 2504 515 2590 ignoratis
532 2517 564 2569 et
581 2507 787 2589 exspectatis
805 2505 891 2568 scire
909 2505 1055 2590 possitis.

244 2603 430 2689 Principio,
455 2616 491 2669 ut
514 2603 663 2670 Catilina
688 2605 807 2690 paucis
833 2617 910 2668 ante
934 2604 1053 2668 diebus
1075 2603 1186 2690 erupit
1203 2625 1247 2669 ex

198 2705 296 2778 urbe,
311 2726 388 2768 cnm
404 2705 542 2768 sceleris
555 2704 605 2767 sui
620 2705 744 2775 socios,
760 2704 901 2790 hujusce
919 2699 1038 2768 nefarii
1055 2704 1136 2770 belli
1154 2725 1247 2769 acer-

150 2824 180 2873 25
200 2805 303 2869 rimos
334 2805 453 2876 duces,
479 2804 615 2870 Romae
646 2804 851 2889 reliquisset,
878 2824 1014 2889 semper
1043 2804 1185 2890 vigilavi
1214 2817 1247 2869 et

200 2905 344 2988 providi,
368 2903 532 2988 Quirites,
557 2924 659 2990 quem
688 2905 732 2968 ad
762 2905 900 2968 modum
929 2904 963 2966 in
991 2903 1092 2967 tantis
1120 2905 1153 2968 e't
1179 2915 1245 2968 tam

192 3005 406 3070 absconditis
438 3004 569 3068 insidiis
602 3003 686 3067 salvi
720 3025 795 3068 esse
832 3025 1021 3088 possemus.
1058 3023 1124 3080 ¹11.
1154 3001 1243 3068 Nam

198 3115 283 3178 tum,
311 3125 389 3170 cum
418 3125 461 3168 ex
489 3105 573 3168 urbe
601 3103 786 3168 Catilinam
816 3104 1132 3178 eiciebam-non
1157 3103 1243 3168 enim

204 3203 276 3291 jam
296 3225 416 3270 vereor
440 3204 541 3292 hujus
565 3203 659 3268 verbi
685 3204 863 3277 invidiam,
885 3224 964 3268 cum
988 3204 1047 3268 illa
1073 3203 1182 3290 magis
1203 3203 1245 3268 sit

149 3324 182 3373 30
199 3304 363 3379 timenda,
392 3305 483 3391 quod
515 3305 613 3368 vivus
641 3303 901 3377 exierit‚—sed
930 3315 1014 3377 tum,
1045 3325 1122 3368 cum
1152 3303 1243 3368 illum

199 3405 417 3468 exterminari
439 3405 609 3478 volebam,
629 3415 685 3466 aut
706 3404 874 3489 reliquam
899 3403 1152 3490 conjuratorum
1178 3424 1242 3467 ma-

199 3525 281 3568 num
304 3505 404 3568 simul
425 3505 607 3577 exituram,
630 3515 687 3566 aut
706 3525 765 3567 eos
789 3503 847 3590 qui
872 3503 1071 3568 restitissent
1094 3504 1240 3568 infirmos

198 3604 272 3667 sine
296 3603 354 3667 illo
379 3624 420 3667 ac
444 3603 565 3667 debilis
590 3602 661 3667 sore
689 3604 865 3687 putabam.
914 3617 942 3662 4.
965 3601 1080 3689 Atque
1109 3625 1187 3690 ego,
1207 3615 1240 3668 ut

198 3702 267 3765 vidi
292 3723 376 3787 quos
402 3703 553 3765 maximo
577 3701 690 3764 furore
714 3713 747 3764 et
771 3703 900 3765 scelere
924 3723 998 3765 esse
1019 3702 1237 3766 inflammatos

151 3822 182 3871 35
199 3799 350 3862 sciebam
374 3820 433 3863 eos
455 3800 633 3863 nobiscum
656 3820 744 3873 esse,
767 3812 799 3862 et
819 3801 954 3863 Romae
974 3802 1191 3876 remansisse,
1206 3801 1237 3866 in
1327 3817 1328 3886 t

199 3917 240 3960 eo
259 3897 371 3961 omnis
392 3897 467 3962 dies
490 3897 666 3982 noctisque
690 3897 901 3982 consumpsi,
924 3909 960 3962 ut
983 3899 1065 3983 quid
1089 3910 1234 3987 agerent,
1327 3907 1328 3916 ’
