2668 4262
84 206 160 248 xvss·
176 194 233 268 46·]
324 197 419 263 How
447 198 589 266 Clodius
612 199 689 264 laid
708 199 763 264 ln's
785 197 905 264 Plans.
1077 199 1140 282 187

80 396 141 484 qui
161 397 205 462 ita
218 398 349 486 judicia
371 421 587 486 poenamque
612 412 874 486 contempserat,
894 410 929 466 ut
952 421 1031 465 eum
1056 400 1141 466 nihil

80 500 269 564 delectaret
299 501 392 586 quod
424 512 483 564 aut
513 523 574 586 per
604 514 761 566 naturam
793 501 844 566 sas
872 513 974 576 esset,
1002 513 1059 566 aut
1079 522 1142 586 per

81 600 181 686 leges
198 600 326 664 liceret.

126 717 176 764 44.
199 701 269 768 Sed
286 701 370 788 quid
395 723 461 789 ego
479 701 723 790 argumentor?
757 704 839 790 quid
864 703 962 790 plura
983 700 1140 787 disputo?

80 800 149 874 Te,
170 800 223 886 Q
237 801 349 877 Petili,
369 803 519 886 appello,
539 802 703 888 optimum
721 815 754 868 et
770 803 989 868 fortissimum
1007 803 1138 868 civem:
1154 842 1168 896 5

78 915 125 974 te,
148 902 198 966 Μ.
221 902 322 978 Cat0,
353 915 467 978 testor,
497 925 583 990 quos
612 903 695 968 mihi
724 903 840 970 divina
868 905 1039 990 quaedam
1066 925 1139 968 sors

79 1004 176 1068 dedit
195 1003 343 1090 judices.
390 1003 464 1068 Vos
489 1025 533 1068 ex
557 1003 609 1068 M.
632 1003 787 1070 Favonio
812 1004 953 1070 audistis
977 1003 1137 1070 Clodium

78 1104 144 1168 sibi
164 1104 305 1179 dixisse,
320 1114 353 1170 et
369 1105 511 1170 audistis
524 1104 603 1170 vivo
614 1104 752 1181 Clodio,
765 1104 951 1190 periturum
970 1104 1138 1170 Milonem

77 1205 206 1269 triduo.
255 1203 337 1270 Post
355 1205 446 1269 diem
467 1205 601 1269 tertium
619 1217 716 1293 gesta
731 1227 787 1272 ,res
804 1216 854 1269 est
869 1226 972 1292 quam
991 1205 1135 1271 dixerat.

77 1302 173 1370 Cum
206 1305 263 1369 ille
302 1327 369 1370 non
403 1305 564 1370 dubitarit
595 1305 728 1389 aperire
761 1306 842 1392 quid
875 1305 1053 1392 cogitaret,
1077 1327 1138 1370 vos
1158 1351 1189 1392 ω

77 1404 222 1488 potestis
254 1405 409 1469 dubitare
441 1405 524 1490 quid
559 1404 698 1470 fecerit?
759 1424 850 1470 xvn.
877 1423 921 1470 45.
947 1404 1062 1488 Quem
1095 1405 1139 1470 ad

77 1505 222 1570 modum
248 1503 352 1590 igitur
381 1527 458 1568 eum
487 1505 560 1569 dies
586 1527 655 1569 non
681 1504 821 1570 fefellit?
869 1506 950 1570 Dixi
979 1506 1138 1593 equidem

78 1606 198 1670 modo.
247 1604 431 1670 Dictatoris
449 1604 623 1669 Lanuvini
648 1617 733 1669 stata
758 1606 928 1670 sacrificia
953 1628 1054 1670 nosse
1080 1627 1139 1670 ne-

77 1706 150 1792 goti
178 1705 264 1770 nihil
289 1716 374 1770 erat.
423 1704 519 1770 Vidit
547 1727 688 1770 necesse
717 1727 793 1770 esse
818 1705 942 1772 Miloni
969 1707 1139 1791 proficisci

77 1803 278 1869 Lanuvium
311 1805 370 1870 illo
402 1805 477 1890 ipso
509 1827 577 1890 quo
610 1819 661 1870 est
686 1805 858 1891 profectus
891 1808 958 1872 die.
1020 1806 1188 1897 Itaque15

77 1906 271 1969 antevertit.
321 1905 369 1970 At
392 1927 459 1993 quo
484 1903 562 1970 die?
610 1904 703 1990 Quo,
723 1919 758 1970 ut
775 1919 851 1970 ante
868 1907 953 1982 dixi,
972 1907 1032 1971 suit
1048 1907 1140 1970 insa·

77 2005 224 2074 nissima
255 2005 367 2070 contio
400 2005 444 2070 ab
476 2005 583 2089 ipsius
620 2007 831 2072 mercenario
863 2009 997 2072 tribuno
1029 2007 1138 2092 plebis

77 2106 270 2170 concitata:
312 2127 415 2192 quem
448 2106 540 2170 diem
573 2106 643 2180 ille,
677 2127 780 2192 quam
813 2107 1019 2180 contionem,
1053 2128 1139 2193 quos

77 2207 264 2280 clamores,
300 2205 365 2270 nisi
401 2206 446 2270 ad
481 2205 668 2294 cogitatum
708 2206 841 2272 facinus
881 2219 1136 2292 approperaret,

77 2327 269 2392 numquam
303 2306 505 2392 reliquisset.
572 2305 667 2394 Ergo
698 2305 748 2369 illi
780 2328 823 2370 ne
863 2328 967 2372 causa
999 2307 1137 2393 quidem
1157 2337 1191 2376 20

77 2405 223 2480 itineriS,
243 2405 344 2470 etiam
362 2425 468 2470 causa
493 2406 677 2470 manendi:
711 2404 834 2470 Miloni
859 2407 1020 2471 manendi
1044 2407 1138 2472 nulla

82 2503 282 2592 [facultas],
302 2505 449 2570 exeundi
467 2527 535 2570 non
554 2525 659 2570 causa
676 2507 801 2579 solum,
820 2507 1000 2572 sedetiam
1020 2529 1138 2572 neces-

77 2606 164 2670 sitas
181 2605 255 2670 suit.
305 2602 422 2688 Quid?
446 2604 487 2680 si,
507 2617 543 2668 ut
559 2605 616 2670 ille
634 2605 732 2670 scivit
749 2605 917 2672 Milonem
936 2608 1007 2673 sore
1025 2630 1065 2672 eo
1082 2608 1137 2673 die

77 2704 112 2768 in
130 2705 201 2779 via,
220 2705 271 2770 sic
294 2703 455 2770 Clodium
481 2704 568 2770 Milo
586 2727 628 2769 ne
654 2706 821 2792 suspicari
845 2708 983 2793 quidem
1008 2707 1137 2793 potuit?

77 2822 125 2869 46.
151 2804 304 2869 Primum
336 2825 465 2889 quaero
496 2804 554 2891 qui
581 2805 616 2870 id
642 2806 729 2871 seire
758 2808 925 2894 potuerit?
956 2810 1047 2896 quod
1075 2832 1136 2874 vos
1158 2831 1190 2888 25

78 2907 172 2971 idem
190 2906 224 2968 in
246 2903 370 2970 Clodio
396 2926 560 2990 quaerere
590 2927 657 2970 non
684 2909 835 2994 potestis.
886 2909 933 2976 Ut
958 2911 1049 2974 enim
1077 2934 1137 2975 ne-

79 3007 209 3072 minem
230 3005 335 3070 alium
353 3005 417 3069 nisi
434 3004 479 3068 T.
499 3004 670 3082 Patinam,
691 3009 994 3076 familiarissimum
1020 3035 1134 3088 suum,

79 3116 248 3193 rogasset,
267 3105 353 3170 scire
370 3105 478 3190 potuit
503 3106 561 3172 illo
588 3108 662 3193 ipso
685 3110 739 3175 die
766 3110 902 3176 Lanuvi
926 3133 946 3176 a
972 3113 1135 3178 dictatore

80 3205 213 3271 Milone
230 3205 327 3291 prodi
344 3205 520 3271 flaminem
537 3229 681 3273 necesse
705 3231 793 3275 esse.
843 3211 915 3278 Sed
939 3226 1036 3279 erant
1060 3236 1136 3300 per-

80 3306 176 3370 multi
194 3305 264 3381 alii,
283 3327 327 3370 ex
343 3307 466 3391 quibus
483 3307 519 3373 id
535 3308 697 3374 facillime
722 3310 809 3376 scire
834 3325 968 3397 posset:
997 3312 1134 3401 [omnes
1156 3329 1190 3386 30

80 3405 210 3470 scilicet
225 3403 432 3499 Lanuvini]
484 3407 572 3472 Milo
596 3409 639 3473 de
656 3408 758 3474 Clodi
782 3412 891 3476 reditu
915 3413 1006 3477 unde
1030 3434 1135 3499 quae-

82 3505 178 3570 sivit?
226 3503 423 3589 Qaesierit
451 3509 710 3574 sane—videte
742 3511 824 3596 quid
855 3512 951 3577 vobis
983 3514 1132 3600 largiar:

82 3627 215 3670 servum
244 3607 360 3682 etiam,
380 3620 415 3671 ut
439 3605 492 3691 Q
506 3606 641 3684 ArriuS,
661 3630 757 3674 meus
782 3610 925 3686 amicus,
944 3613 1042 3688 dixit,
1060 3635 1135 3678 cor·
1160 3607 1164 3614 ’

82 3707 218 3792 ruperit.
268 3707 392 3794 Legite
416 3707 608 3772 testimonia
633 3709 768 3773 testium
787 3722 988 3775 vestrorum.
1038 3712 1134 3777 Dixit

82 3803 123 3870 C.
156 3806 341 3874 Causinius
370 3805 512 3882 Schola,
537 3806 766 3886 InteramnaS,
789 3809 1073 3878 familiarissimus
1101 3825 1134 3878 et
1154 3826 1188 3882 35

82 3904 170 3973 idem
203 3928 319 3974 comes
355 3904 633 3993 Clodi‚-cujus
668 3907 741 3996 jam
773 3909 905 3995 pridem
942 3912 1133 3977 testimonio

401 4073 464 4082 ahm-
