2668 4262
225 229 290 297 160
473 230 620 297 Cz’cero’s
643 229 751 296 Exz'le
774 229 848 292 and
869 227 1020 293 Raturn.
1120 223 1256 293 [SESTIUQ

219 432 312 498 sonis
338 432 488 496 consulis
513 431 657 516 pedibus
682 430 829 516 supplex
852 427 1075 494 reiciebaturt
1106 428 1195 492 bona
1217 425 1254 490 di⁴

218 533 440 618 ripiebantur,
465 553 573 617 eaque
600 531 643 595 ad
669 531 826 595 consules
855 529 1114 593 deferebantur:
1150 528 1258 590 domus

218 634 359 696 artlebat
387 633 420 695 in
450 630 603 696 Palatio:
637 631 795 694 consules
820 629 1059 714 epulabantur.
1109 624 1258 709 Quodsi

221 732 302 796 meis
332 731 557 796 incommodis
590 730 817 804 laetabantur,
846 729 938 792 urbis
970 739 1083 790 tamen
1117 725 1259 810 periculo

164 857 179 912 ς
218 844 523 896 commoverentur.
553 878 562 895 .
591 877 600 895 .
630 877 638 896 .

261 947 307 993 aa.
334 931 400 995 Hie
439 931 636 1017 aliquand0‚
672 928 780 993 serius
812 949 915 1013 quam
948 927 1021 1012 ipse
1051 926 1167 1000 vellet,
1200 922 1258 988 Cn.

218 1029 415 1116 Pompeius,
434 1029 642 1095 invitissimis
660 1029 709 1094 eis
727 1028 785 1114 qui
803 1041 950 1092 mentem
968 1027 1084 1112 optimi
1103 1046 1146 1090 ae
1163 1024 1261 1090 fortis·

217 1133 291 1196 simi
319 1131 380 1195 viri
405 1132 474 1196 suis
491 1130 641 1197 consiliis
659 1129 814 1215 fictisque
832 1127 1016 1192 terroribus
1032 1147 1052 1190 a
1069 1125 1261 1192 defensione

218 1253 314 1296 meae
332 1233 449 1296 salutis
467 1242 669 1305 averterant,
689 1229 850 1310 excitavit
867 1229 960 1293 illam
979 1249 1075 1294 suam
1092 1249 1162 1294 non
1180 1225 1261 1310 sopi-

166 1363 198 1404 10
216 1344 298 1405 tam,
321 1332 382 1396 sed
406 1332 591 1416 suspitione
615 1332 731 1416 aliqua
756 1330 962 1394 retardatam
987 1328 1260 1394 consuetudinem

217 1432 424 1517 reipublicae
441 1432 528 1496 bene
545 1433 731 1518 gerendae.
786 1430 867 1496 Non
885 1444 935 1496 est
951 1452 1073 1517 passus
1089 1432 1149 1496 ille
1165 1430 1261 1494 vir-

216 1533 273 1617 qui
288 1532 566 1596 sceleratissimos
580 1531 676 1606 civis,
689 1530 747 1617 qui
759 1533 944 1598 acerrimos
959 1533 1076 1606 hostis,
1088 1533 1147 1620 qui
1163 1529 1259 1596 maxi·

217 1653 290 1695 mas
308 1633 473 1704 nationes,
492 1632 549 1717 qui
567 1651 679 1716 reges,
698 1632 755 1717 qui
774 1633 886 1719 gentis
904 1633 994 1698 feras
1014 1646 1115 1721 atque
1136 1631 1259 1698 inaudi-

216 1744 279 1805 tas,
292 1732 349 1817 qui
369 1732 578 1817 praedonum
593 1731 759 1794 infinitam
776 1754 930 1808 manum,
945 1733 1002 1821 qui
1016 1735 1119 1798 etiam
1133 1731 1258 1800 servitia

168 1859 178 1899 1
184 1857 198 1915 ς
216 1831 336 1896 virtute
353 1831 561 1917 victoriaque
578 1830 776 1904 domuisset,
795 1833 854 1919 qui
874 1835 1033 1899 omnibus
1055 1835 1157 1900 bellis
1181 1845 1260 1896 terra

217 1932 368 2016 marique
398 1931 602 2017 compressis
629 1931 811 2016 imperium
844 1934 960 2019 populi
995 1934 1144 1999 Romani
1179 1931 1258 1998 orbis

214 2041 380 2093 terrarum
416 2030 567 2094 terminis
604 2031 919 2098 definisset-rem
954 2035 1127 2119 publicam
1164 2029 1258 2098 everti

216 2132 343 2194 scelere
369 2152 569 2215 paucorum,
588 2152 691 2217 quam
717 2133 790 2219 ipse
811 2156 878 2200 non
896 2135 1006 2199 solum
1024 2135 1189 2208 consiliis,
1207 2129 1257 2196 sed

216 2231 316 2293 etiam
338 2231 506 2317 sanguine
526 2252 589 2296 suo
613 2253 717 2318 saepe
742 2247 922 2299 servasset.
971 2250 1018 2298 34.
1041 2234 1201 2301 Accessit
1222 2229 1259 2295 ad

165 2354 199 2393 20
216 2351 354 2394 causam
377 2331 571 2415 publicam:
601 2332 720 2396 restitit
743 2334 941 2400 auctoritate
965 2356 1027 2400 sua
1051 2337 1192 2421 reliquis
1214 2352 1258 2395 re·

214 2430 298 2494 bus:
331 2443 469 2517 questus
498 2442 549 2494 est
576 2431 619 2495 de
648 2434 849 2517 praeteritis.
907 2434 998 2499 Fieri
1026 2436 1197 2522 quaedam
1221 2428 1257 2494 ad

216 2531 391 2594 meliorem
416 2550 512 2615 spem
537 2530 711 2596 inclinatio
734 2533 808 2597 visa
832 2544 894 2598 est.
944 2534 1105 2600 Decrevit
1128 2543 1256 2600 senatus

215 2629 374 2716 frequens
398 2632 441 2694 de
466 2652 543 2694 meo
567 2631 676 2696 reditu
704 2631 874 2698 Kalendis
896 2633 1021 2719 Juniis,
1048 2634 1257 2699 dissentiente

214 2731 320 2804 nullu,
340 2729 506 2794 referente
527 2729 571 2793 L.
594 2730 736 2807 Ninni0,
758 2734 855 2821 cujus
878 2733 913 2797 in
939 2755 1016 2798 mea
1040 2754 1144 2798 causa
1169 2751 1257 2797 nurn-

163 2849 197 2904 ²5
214 2851 316 2915 quam
335 2830 420 2894 fides
437 2830 610 2916 virtusque
627 2834 840 2897 contremuit.
892 2832 945 2898 De
964 2857 1040 2898 meo
1056 2834 1165 2898 reditu
1190 2841 1256 2896 octo

215 2930 337 2993 tribuni
362 2931 678 3015 promulgaverunt.
729 2931 783 2996 Ex
805 2955 872 3018 quo
894 2933 1102 2998 intellectum
1126 2944 1256 2997 estnon

117 3023 120 3028 ’
216 3030 296 3093 mihi
322 3029 452 3094 absenti
472 3029 664 3094 decrevisse
685 3033 826 3106 amicos,
850 3032 885 3096 in
910 3055 951 3097 ea
976 3033 1174 3118 praesertim
1199 3030 1256 3094 for·

214 3143 308 3204 tuna,
322 3130 357 3193 in
374 3149 443 3216 qua
460 3150 528 3192 non
547 3130 629 3192 nulli
647 3131 762 3206 etiam,
777 3154 863 3217 quos
877 3154 951 3196 esse
969 3145 1180 3218 putaveram,
1195 3145 1254 3194 non

214 3241 322 3304 erant,
341 3229 402 3294 sed
426 3249 485 3293 eos
509 3229 718 3293 voluntatem
744 3253 880 3317 semper
898 3233 1056 3307 eandem,
1075 3233 1255 3296 libertatem

162 3345 197 3398 30
215 3353 282 3394 non
300 3331 446 3394 eandem
464 3351 601 3414 semper
616 3331 789 3396 habuisse.
840 3331 933 3396 Nam
951 3355 995 3396 ex
1015 3354 1136 3398 novem
1161 3332 1254 3396 tribu·

215 3431 279 3504 nis,
298 3451 383 3516 quos
400 3440 515 3494 tamen
536 3431 737 3506 habueram,
752 3453 841 3496 unus
866 3453 920 3496 me
945 3433 1085 3497 absente
1108 3429 1250 3499 defluxit,

214 3529 270 3615 qui
293 3551 487 3616 cognomen
513 3529 575 3594 sibi
601 3552 645 3594 ex
669 3530 845 3596 Aeliorum
870 3531 1079 3618 imaginibus
1104 3530 1249 3617 adripuit,

214 3649 281 3714 quo
300 3630 410 3716 magis
426 3629 573 3694 nationis
590 3631 663 3717 ejus
679 3651 755 3694 esse
772 3653 875 3716 quam
892 3631 1029 3718 generis
1045 3633 1221 3698 videretur.

258 3744 302 3789 aa
326 3728 420 3792 Abiit
445 3729 501 3793 ille
526 3749 657 3792 annus:
690 3731 829 3793 veniunt
858 3730 1039 3796 Kalendae
1063 3733 1247 3818 Januariae·

163 3834 194 3888 35
214 3825 287 3889 Vos
312 3827 398 3890 haec
423 3828 543 3891 melius
568 3828 655 3891 scire
672 3829 830 3912 potestis3
857 3830 1015 3916 equidem
1032 3831 1147 3897 audita
1164 3833 1248 3900 dico:

215 3946 303 4008 quae
321 3938 390 3988 tum
408 3925 596 4010 frequentia
619 3939 768 4002 senatus,
786 3949 875 4013 quae
899 3933 1108 4015 exspectatio
1131 3930 1247 4018 populi,
1299 3910 1300 3945 r

1286 4095 1299 4227 l
