2668 4262
209 202 253 269 94
503 183 718 270 Conspiracy
742 182 790 268 ‘ff
810 181 972 247 Catilina.
1097 177 1212 250 [Cam
1243 176 1261 228 1·

210 384 312 455 cinio,
333 393 404 447 uta
423 403 562 448 menon
580 383 708 471 ejectus
726 383 769 447 ad
790 383 933 456 alienos
951 381 1011 446 sed
1036 380 1198 446 invitatus
1224 381 1263 441 ad

210 497 284 550 tuos
302 486 368 550 isse
387 483 546 547 videaris.

253 603 301 651 24.
327 585 548 670 Qamquam
563 584 644 669 quid
659 605 724 670 ego
738 596 769 648 te
787 584 939 656 invitem,
954 603 973 646 a
990 604 1057 668 quo
1071 581 1142 670 jam
1156 581 1264 644 sciam

210 707 285 752 esse
302 688 509 772 praemissos
527 685 584 770 qui
602 685 659 751 tibi
678 684 721 747 ad
739 684 866 748 Forum
880 681 1060 748 Aurelium
1080 682 1275 766 praestola-‚

179 801 325 864 srentur
345 785 488 850 armati?
520 785 574 849 cui
596 783 702 847 sciam
728 798 865 868 pactam
890 795 922 848 et
946 783 1160 846 constitutam
1186 801 1266 844 cum

211 887 343 952 Manlio
368 885 480 952 diem?
513 906 532 949 a
557 907 624 972 quo
650 883 752 947 etiam
778 884 927 969 aquilam
949 882 1042 946 illam
1063 893 1266 968 argenteam

209 1010 313 1074 quam
330 987 389 1051 tibi
403 1009 444 1051 ac
457 987 521 1050 tuis
534 986 693 1050 omnibus
707 984 842 1048 conlido
857 983 1083 1068 perniciosam
1097 1002 1139 1045 ac
1151 981 1267 1045 funes·

210 1101 279 1152 tam
294 1087 453 1160 suturam,
470 1087 523 1151 cui
541 1087 633 1151 dorni
650 1099 727 1150 tuae
742 1084 929 1148 sacrarium
945 1084 1113 1148 scelerum
1130 1095 1266 1147 tuorum
1317 1165 1318 1172 ἵ

211 1188 428 1253 constitutum
449 1185 521 1260 suit,
545 1187 652 1250 sciam
670 1207 748 1264 esse
773 1182 1021 1269 praemissam?
1066 1182 1122 1247 Tu
1147 1195 1185 1247 ut
1210 1184 1267 1246 illa

165 1311 195 1346 ιο
212 1309 328 1352 carere
352 1287 478 1351 diutius
503 1287 625 1370 possis,
643 1308 747 1372 quam
768 1285 923 1350 venerari
942 1285 986 1348 ad
1003 1285 1146 1348 caedem
1166 1285 1268 1368 profr-

211 1391 344 1453 ciscens
361 1388 509 1459 solebas
529 1407 549 1450 a
566 1386 662 1472 cujus
683 1386 845 1451 altaribus
870 1407 975 1469 saepe
999 1385 1040 1450 ist
1075 1407 1098 1448 n
1124 1386 1267 1484 impiam
1306 1427 1310 1436 ·

212 1489 387 1552 dexteram
417 1487 460 1551 ad
489 1507 609 1551 necem
638 1486 763 1550 civium
797 1406 1099 1552 transtulistitrii
1126 1503 1173 1550 26.
1191 1485 1267 1550 Ibis

211 1573 347 1651 tandem
363 1587 561 1672 aliquanda,
575 1607 643 1671 quo
656 1598 687 1649 te
700 1586 772 1672 jam
791 1585 948 1670 pridem
941 1599 1004 1650 ista
1020 1597 1078 1651 tua
1095 1587 1267 1671 cupiditas

211 1687 376 1752 effrenata
401 1707 442 1749 ac
467 1686 592 1750 suriosa
618 1675 782 1770 rapiebat.
832 1683 957 1771 Neque
982 1688 1072 1752 enim
1098 1687 1158 1752 tibi
1181 1689 1268 1752 haec
1319 1725 1320 1746 2

165 1811 195 1860 ις
211 1809 265 1851 res
286 1786 393 1850 adfert
418 1786 582 1859 dolorem,
602 1787 662 1850 sed
687 1787 859 1871 quandam
887 1786 1121 1864 incredibilem
1146 1789 1268 1873 volup·
1320 1827 1321 1860 r

210 1899 325 1952 tatem.
375 1883 433 1949 Ad
452 1887 541 1949 hanc
557 1897 590 1949 te
608 1885 790 1950 amentiam
810 1899 931 1950 natura
950 1887 1091 1972 peperit,
1108 1889 1269 1952 voluntas
1301 1873 1321 1962 l

211 1985 376 2072 exercuit,
403 1984 536 2049 sortuna
565 1985 723 2048 servavit.
775 1983 973 2072 Numquam
1003 2000 1037 2052 tu
1067 2010 1135 2052 non
1164 1988 1321 2052 modo

210 2087 329 2156 otium,
348 2084 409 2148 sed
427 2107 469 2148 ne
486 2085 613 2148 bellum
630 2086 767 2175 quidem
786 2085 849 2148 nisr
842 2081 1035 2160 nelarilrm
1061 2088 1322 2192 concupisti.

211 2185 367 2250 Nanctus
384 2205 421 2248 es
438 2206 481 2248 ex
500 2185 638 2268 perditis
652 2188 752 2270 atque
767 2186 809 2250 ab
823 2187 915 2250 omni
934 2209 1002 2251 non
1017 2189 1118 2252 modo
1132 2187 1270 2252 tortuna
1321 2221 1322 2248 ι

164 2311 196 2346 20
211 2307 328 2349 verum
354 2283 454 2347 etiarn
479 2306 539 2367 spe
557 2285 726 2349 derelictis
742 2285 925 2350 conflatam
943 2286 1174 2370 improborum
1193 2310 1271 2352 ma-
1321 2303 1322 2306 ’

211 2408 306 2449 num.
354 2401 402 2448 26.
429 2383 495 2448 Hie
512 2397 546 2448 tu
563 2405 630 2470 qua
653 2384 778 2448 laetitia
803 2369 998 2469 perfruere!
1031 2388 1153 2473 quibus
1178 2409 1270 2474 gru·
1295 2439 1299 2448 .

211 2486 276 2549 diis
301 2484 508 2549 exsultabis.
541 2498 669 2570 quanta
693 2485 726 2548 in
747 2485 918 2571 voluptate
938 2487 1166 2562 bacchabere,
1185 2503 1269 2551 cum

210 2586 246 2648 in
272 2597 363 2649 tanto
391 2607 531 2649 numero
556 2597 690 2648 tuorum
715 2607 826 2670 neque
851 2583 970 2653 audies
999 2586 1109 2650 virum
1138 2588 1269 2652 bonum

211 2707 419 2771 quemquam
447 2706 558 2769 neque
588 2684 738 2748 videbis!
787 2684 842 2750 Ad
873 2687 973 2773 hujus
1001 2687 1100 2751 vita'e
1116 2671 1269 2763 studium

162 2811 192 2862 25
214 2785 362 2850 meditati
382 2785 428 2848 illi
443 2797 519 2848 sunt
532 2785 589 2870 qui
604 2785 756 2850 seruntur
769 2787 902 2850 labores
916 2784 976 2861 tul,
989 2787 1156 2875 -jacere
1170 2789 1270 2852 humi

213 2908 279 2950 non
306 2887 414 2949 solum
441 2886 484 2950 ad
507 2885 733 2950 obsidendum
759 2900 925 2971 stuprum,
949 2909 1068 2951 verum
1094 2888 1194 2952 etiam
1223 2890 1270 2954 ad

212 2985 1270 3072 facinusobeundum;vigilarenonsoluminsidiantemsom·
1305 3059 1309 3068 ,

213 3109 257 3150 no
279 3085 488 3158 maritorum,
507 3107 623 3150 verum
650 3086 751 3150 etiam
776 3086 875 3150 bonis
899 3087 1097 3152 otiosorum.
1146 3087 1269 3154 Habes

213 3187 269 3250 ubi
294 3197 442 3252 ostentes
466 3197 558 3249 tuam
584 3187 677 3250 illam
699 3187 911 3271 praeclaram
933 3188 1131 3272 patientiam
1149 3188 1267 3264 famis,

162 3311 195 3361 30
213 3287 361 3374 frigoris,
380 3286 515 3370 inopiae
536 3307 649 3351 rerum
671 3285 837 3358 omnium,
860 3288 983 3371 quibus
1007 3300 1038 3352 te
1062 3289 1158 3353 brevi
1181 3301 1269 3353 tem-

214 3408 294 3471 pore
312 3386 502 3452 confectum
518 3407 592 3452 esse
610 3385 746 3450 senties.
795 3402 842 3450 ar.
865 3385 1015 3452 Tantum
1034 3389 1161 3472 profeci
1178 3402 1266 3465 tum,

213 3508 290 3550 cum
313 3500 345 3552 te
366 3507 385 3550 a
410 3488 589 3554 consulatu
613 3484 760 3570 reppuli,
782 3497 819 3548 ut
842 3487 939 3550 exsul
965 3489 1075 3571 potius
1100 3499 1267 3573 temptare

212 3609 315 3674 quam
349 3590 467 3653 consul
500 3607 626 3665 vexare
655 3606 728 3648 rem
753 3585 925 3669 publicam
951 3608 1082 3670 posses
1105 3600 1206 3674 atque
1233 3603 1268 3654 ut
1302 3635 1307 3644 ·

213 3688 247 3751 id
267 3689 358 3773 quod
379 3701 429 3752 est
449 3709 468 3750 a
489 3699 520 3749 te
545 3686 709 3748 scelerate
734 3696 943 3767 susceptum,
966 3687 1181 3801 latrocinium
1206 3711 1267 3774 po-

165 3809 196 3861 35
165 3787 278 3860 3tius
293 3808 398 3872 quarn
415 3786 541 3849 bellum
560 3782 802 3850 nominaretur.

259 3905 309 3950 xa
336 3884 453 3957 Nunc,
486 3891 521 3944 ut
556 3902 576 3944 a
612 3902 678 3955 me,
713 3891 827 3965 patres
862 3885 1057 3970 conscripti,
1090 3889 1267 3972 quandam
