2714 4266
111 209 171 250 xrv.
189 197 246 268 41.]
348 195 446 262 What
468 197 687 283 Mottiaefor
709 195 765 260 the
790 195 939 262 Crime?
1021 148 1024 152 Ι
1142 218 1164 284 9

106 401 193 465 'satis
225 420 304 464 acre
337 397 525 483 reperietur
556 397 590 462 in
623 419 702 462 eum
734 398 792 484 qui
826 410 969 464 mortem
1004 399 1164 464 obtulerit

112 499 258 585 parenti,
288 520 350 584 pro
379 520 446 585 quo
475 497 560 562 mori
589 497 716 582 ipsum,
739 497 844 592 sires
870 499 1070 584 postularet,
1084 501 1162 588 jura

111 600 228 664 divina
253 612 353 685 atque
378 598 530 661 humana
555 597 748 684 cogebant?
796 597 835 661 In
863 600 928 663 hoc
956 613 1062 674 tanto,
1092 615 1161 664 tam

112 701 230 775 atroci,
254 711 324 763 tam
349 698 516 785 singulari
541 699 724 772 maleficio,
748 700 840 784 quod
865 700 911 764 ita
936 721 1013 765 raro
1038 700 1163 765 exstitit

112 812 160 875 ut,
183 800 210 864 si
235 799 374 887 quando
398 799 551 864 auditum
577 798 631 871 sit,
656 799 800 883 portenti
827 821 867 865 ac
893 802 1028 889 prodigi
1053 801 1161 866 simile
1190 831 1205 883 5

111 912 321 974 numeretur,
347 900 472 986 quibus
495 900 634 963 tandem
660 913 708 974 tu,
736 897 778 965 C.
807 900 924 977 Eruci,
953 901 1163 988 argumentis

112 1014 347 1066 accusatorem
361 1021 481 1064 censes
499 999 544 1063 uti
562 999 740 1084 oportere?
788 1001 914 1067 Nonne
933 1015 965 1066 et
982 1002 1162 1067 audaciam

111 1101 268 1190 ejusqui
292 1101 327 1164 in
352 1103 481 1165 crimen
504 1113 645 1165 vocetur
672 1100 884 1188 singularem
914 1105 1104 1176 ostendere,
1131 1114 1164 1166 et

112 1223 226 1266 mores
253 1201 641 1287 femsimmmemque
674 1215 845 1277 naturam,
877 1220 909 1267 et
939 1204 1043 1267 vitam
1074 1201 1164 1268 vitiis

112 1302 319 1389 flagitiisque
343 1302 501 1366 omnibus
526 1303 690 1375 deditam,
717 1301 784 1390 [et]
811 1304 959 1390 denique
982 1303 1096 1368 omnia
1120 1303 1163 1365 ad
1178 1331 1208 1366 ιο

113 1401 300 1488 perniciem
317 1401 498 1488 profligata
516 1415 616 1488 atque
634 1402 789 1486 perdita?
818 1426 961 1490 quorum
979 1415 1011 1466 tu
1028 1403 1111 1466 nihil
1129 1403 1163 1465 in

114 1502 197 1567 Sex.
218 1501 399 1576 Roscium,
419 1523 461 1566 ne
478 1503 648 1567 obiciendi
666 1503 806 1589 quidem
824 1525 941 1578 causa,
962 1503 1139 1568 contulisti.

159 1622 235 1667 x1v.
261 1619 309 1666 aa.
333 1601 488 1667 ‘Patrem
503 1603 628 1667 occidit
644 1601 728 1667 Sex.
743 1602 918 1668 Roscius.’
951 1601 1021 1688 Qi
1041 1601 1171 1667 homo?-

113 1701 405 1768 Adulescentulus
438 1715 616 1788 corruptus
650 1713 682 1767 et
714 1704 758 1767 ab
790 1704 984 1768 hominibus
1017 1724 1164 1789 nequam

113 1802 305 1867 inductus?
341 1824 450 1867 annos
481 1815 580 1867 natus
613 1803 722 1890 major
754 1803 996 1890 quadraginta.
1057 1803 1211 1884 Vetus15

113 1903 273 1967 videlicet
290 1903 446 1978 sicarius,
466 1904 568 1968 homo
589 1905 704 1967 audax
724 1915 757 1968 et
777 1925 880 1988 saepe
901 1904 934 1967 in
960 1904 1066 1968 caede
1091 1925 1166 1966 ver-

114 2001 240 2068 satus?
272 2015 306 2066 at
329 2004 396 2068 hoc
420 2004 463 2067 ab
486 2014 684 2068 accusatore
697 2004 751 2066 'ne
768 2003 835 2067 dici
853 2003 991 2089 quidem
1011 2003 1163 2068 audistis.

114 2103 288 2168 Luxuries
324 2104 427 2190 igitur
460 2104 633 2168 hominem
667 2103 843 2177 nimirum,
877 2115 910 2168 et
942 2105 1030 2168 aeris
1063 2103 1165 2167 alieni

114 2205 329 2290 magnitud0‚
349 2217 381 2268 et
396 2204 581 2268 indomitae
600 2202 704 2268 animi
723 2204 926 2289 cupiditates
944 2205 987 2268 ad
1009 2206 1073 2268 hoc
1094 2225 1167 2268 sce·

115 2305 169 2369 lus
193 2303 432 2389 impulerunt?
479 2304 532 2368 De
558 2305 694 2368 luxuria
719 2305 880 2391 purgavit
904 2304 1063 2378 Erucius
1088 2326 1164 2369 cum
1182 2333 1213 2368 20

116 2404 201 2469 dixit
218 2405 309 2469 hunc
326 2426 368 2468 ne
386 2405 420 2468 in
438 2405 596 2469 convivio
613 2405 751 2490 quidem
769 2405 839 2469 ullo
863 2405 934 2468 sere
960 2404 1165 2468 interfuisse.

115 2503 213 2568 Nihil
243 2515 356 2568 autem
388 2525 552 2590 umquam
585 2507 746 2590 cuiquam
775 2504 905 2568 debuit.
954 2503 1167 2590 Cupiditates

116 2624 217 2689 porro
239 2625 327 2690 quae
352 2616 494 2688 possunt
517 2625 592 2669 esse
617 2605 652 2668 in
677 2626 717 2668 eo
742 2605 813 2691 qui,
832 2615 868 2668 ut
891 2605 965 2689 ipse
991 2616 1169 2669 accusator

116 2703 253 2791 objecit,
272 2703 340 2766 ruri
363 2725 499 2789 semper
515 2705 688 2778 habitarit,
708 2715 741 2768 et
757 2705 792 2766 in
810 2725 895 2791 agro
912 2704 1057 2768 colendo
1075 2704 1168 2768 vixe-

117 2802 332 2889 rit?--quae
352 2804 421 2868 vita
443 2805 593 2868 maxime
615 2804 783 2892 disjuncta
805 2825 826 2867 a
847 2805 1030 2889 cupiditate
1052 2814 1114 2880 est,
1137 2813 1169 2868 et
1181 2831 1211 2884 25

117 2924 197 2968 cum
214 2903 325 2968 officio
343 2904 536 2992 conjuncta.

162 3021 210 3069 2³.
234 3003 336 3088 Qae
360 3025 414 3068 res
438 3003 541 3092 igitur
559 3016 689 3068 tantum
708 3004 808 3069 istum
827 3004 975 3068 furorem
993 3004 1077 3070 Sex.
1097 3004 1170 3069 Ro·

116 3105 190 3172 scio
206 3103 359 3192 objecit?
396 3103 526 3168 ‘Patri'
543 3104 651 3190 inquit
666 3106 753 3169 ‘non
772 3105 950 3189 placebat'
991 3104 1108 3189 Quam
1125 3105 1169 3170 ob

105 3203 283 3274 causam?
315 3204 468 3269 Necesse
482 3215 533 3268 est
545 3204 636 3268 enim
649 3225 726 3268 eam
740 3227 875 3292 quoque
885 3205 1013 3293 justam
1027 3218 1060 3272 et
1072 3227 1170 3291 mag·

118 3327 199 3372 narn
212 3316 244 3370 et
256 3305 472 3391 perspicuam
485 3304 589 3370 fuisse
602 3328 610 3366 z
631 3327 725 3380 nam,
738 3317 774 3369 ut
787 3306 870 3370 illud
888 3306 1087 3371 incredibile
1105 3317 1168 3382 est,
1183 3335 1213 3384 30

120 3417 263 3472 mortem
280 3406 429 3470 oblatam
447 3427 523 3470 esse
539 3405 625 3490 patri
643 3427 662 3469 a
680 3405 750 3477 filio
763 3406 836 3470 sine
854 3407 1010 3491 plurimis
1025 3419 1170 3471 et'max·

120 3507 198 3572 imis
215 3506 339 3581 causis
359 3505 409 3570 sic
426 3506 492 3571 hoc
507 3506 578 3570 veri
596 3506 706 3570 simile
724 3529 791 3571 non
809 3519 873 3580 est,
892 3508 971 3572 odio
989 3507 1093 3571 luisse
1111 3527 1170 3590 pa-

121 3606 206 3671 renti
220 3607 340 3681 filium,
356 3606 429 3670 sine
443 3606 555 3670 causis
570 3607 681 3670 multis
699 3618 732 3670 et
749 3609 885 3694 magnis
903 3620 935 3671 et
953 3606 1167 3671 necessariis.

122 3707 257 3772 Rursus
279 3707 382 3794 igitur
404 3708 525 3770 eodem
548 3720 771 3779 revertamur,
794 3720 826 3771 et
850 3729 1057 3794 quaeramus
1082 3727 1170 3793 quae

121 3820 214 3874 tanta
238 3808 318 3872 vitia
343 3807 466 3871 fuerint
489 3807 523 3870 in
548 3807 648 3872 unico
669 3808 751 3880 filio,
772 3830 878 3893 quare
898 3809 927 3872 is
947 3809 1033 3893 patri
1054 3807 1171 3892 displi-
1187 3832 1218 3882 35

123 3919 225 3974 ceret.
272 3907 321 3973 At
336 3908 554 3994 perspicuum
569 3919 619 3972 est
635 3906 766 3970 nullum
784 3908 902 3972 fuisse.
950 3906 1052 3973 Pater
1068 3908 1170 3995 igitur
