2714 4266
97 200 155 239 V111·
172 187 227 260 21·]
349 189 421 255 His
445 189 631 254 Parlr'sans
655 211 719 253 are
741 187 898 254 Electad.
1108 205 1147 268 31

139 407 180 453 19.
204 389 309 455 Videt
322 389 366 454 ad
384 388 496 474 ipsum
514 389 678 454 fornicem
696 389 890 454 Fabianum
904 388 937 452 in
952 387 1050 453 turba
1062 386 1152 451 Ver-

94 512 188 554 rem:
224 489 376 575 appellat
406 489 593 564 hominem,
624 502 657 577 et
688 491 719 553 ei
744 510 829 553 voce
854 489 1008 552 maxima
1033 500 1150 574 gratu·

93 590 202 655 latur:
243 589 307 675 ipsi
344 589 541 662 Hortensi0,
576 590 633 675 qui
667 590 787 653 consul
820 600 891 653 erat
924 587 1046 662 sactus,
1073 608 1150 671 pro·

94 691 229 778 pinquis
247 690 520 775 necessariisque
546 689 632 776 ejus,
651 689 710 774 qui
735 701 807 752 turn
832 689 987 762 aderant,
1007 688 1148 750 verbum

94 792 225 855 nullum
251 791 352 855 lacit:
388 811 465 854 cum
493 791 558 853 hoc
583 789 756 863 consistit:
790 789 883 852 hunc
911 787 1148 872 amplexatum
1181 807 1197 866 ς

93 892 186 956 hunc
206 891 302 981 jubet
326 893 399 956 sine
421 911 503 955 cura
525 909 613 954 esse.
665 888 889 962 ‘Renuntio,'
910 888 1031 975 inquit,
1052 887 1147 962 ‘tibi,

91 1001 125 1056 te
142 992 316 1056 hodiernis
334 991 478 1056 comitiis
496 1012 571 1056 esse
591 989 810 1054 absolutum.’
858 986 961 1072 Qud
980 1009 1058 1052 cum
1079 999 1148 1052 tam

92 1091 189 1156 multi
220 1092 376 1157 homines
404 1090 635 1156 honestissimi
666 1089 854 1163 audissent,
881 1089 992 1152 statim
1022 1087 1065 1152 ad
1094 1109 1149 1152 me

92 1192 264 1256 defertur:
290 1192 395 1257 immo
413 1213 507 1266 vern,
522 1204 560 1256 ut
575 1190 720 1278 quisque
739 1211 793 1253 me
810 1188 955 1263 viderat,
972 1189 1146 1252 narrabat.

90 1289 183 1356 Aliis
200 1292 284 1356 illud
306 1291 501 1379 indignum,
522 1291 598 1356 aliis
622 1290 819 1364 ridiculum,
840 1289 1040 1353 videbatur:
1069 1288 1148 1352 ridi·
1167 1315 1197 1352 10

62 1426 64 1430 ·
92 1393 209 1457 culum
224 1391 273 1455 eis
286 1393 343 1477 qui
358 1392 453 1456 istius
467 1413 608 1456 causam
622 1392 657 1456 in
671 1391 806 1456 testium
821 1390 901 1464 fide,
915 1389 949 1453 in
967 1389 1148 1454 criminum

91 1492 237 1566 ratione,
262 1491 296 1555 in
316 1492 475 1580 judicum
501 1503 678 1576 potestate,
701 1514 770 1557 non
794 1491 829 1554 in
856 1489 1002 1554 comitiis
1026 1511 1149 1554 consu·

90 1591 235 1666 laribus,
258 1593 403 1675 positam
428 1591 699 1656 arbitrabantur:
727 1593 909 1678 indignum
933 1590 995 1664 eis,
1017 1589 1075 1676 qui
1099 1591 1148 1654 al-

89 1693 158 1756 tius
187 1691 412 1777 aspiciebant,
440 1701 472 1756 et
501 1693 591 1755 hanc
617 1692 881 1779 gratulationem
911 1691 955 1755 ad
980 1689 1148 1778 judicium

90 1792 383 1876 corrumpendum
424 1802 579 1876 spectare
617 1791 791 1856 videbant.
855 1809 905 1856 20.
929 1789 1066 1854 Etenim
1099 1789 1197 1868 sicr5

90 1891 397 1967 ratiocinabantur,
424 1891 474 1956 sic
503 1891 732 1955 honestissimi
762 1891 919 1956 homines
943 1891 1031 1955 inter
1054 1912 1091 1956 se
1116 1900 1149 1955 et

90 2013 230 2056 mecum
260 1991 507 2077 loquebantur:
540 2004 656 2075 aperte
680 1991 753 2079 jam
783 2003 815 2056 et
847 1991 1029 2077 perspicue
1052 1992 1148 2055 nulla

94 2113 169 2158 esse
190 2090 332 2179 judicia.
384 2089 454 2174 Qui
481 2113 558 2156 reus
584 2091 691 2176 pridie
705 2091 777 2178 jam
795 2091 868 2177 ipse
886 2113 923 2156 se
939 2093 1147 2157 condemna·

89 2204 165 2256 turn
190 2191 341 2274 putabat,
360 2191 402 2264 is,
420 2204 538 2276 postea
559 2213 663 2277 quam
684 2192 843 2256 defensor
864 2192 937 2280 ejus
958 2193 1077 2257 consul
1098 2202 1148 2256 est

88 2292 216 2364 sactus,
244 2289 450 2355 absolvitur!
501 2289 596 2376 Quid
625 2290 751 2378 igitur?
790 2294 881 2377 quod
911 2304 979 2357 tota
1013 2291 1145 2367 Sicilia,
1165 2316 1197 2352 κο

89 2391 186 2478 quod
200 2411 318 2455 omnes
333 2389 455 2464 Siculi,
468 2412 588 2455 omnes
602 2391 843 2478 negotiatores,
857 2415 977 2458 omnes
989 2393 1148 2479 publicae

90 2490 315 2578 privataeque
345 2491 475 2555 litterae
504 2491 640 2556 Romae
665 2503 755 2567 sunt,
783 2493 914 2558 nihilne
939 2494 973 2559 id
998 2492 1147 2558 valebit?

90 2590 194 2665 nihil,
217 2589 323 2654 invito
348 2592 488 2655 consule
514 2590 716 2678 designato!
766 2591 873 2677 Qid,
895 2592 1051 2682 judices?
1080 2615 1148 2658 non

90 2689 252 2763 crimina,
279 2711 348 2755 non
380 2691 485 2764 testis,
515 2712 583 2755 non
613 2691 900 2757 existimationem
929 2693 1047 2780 populi
1075 2693 1149 2758 Ro-

91 2789 189 2854 mani
213 2787 420 2876 sequentur?
468 2789 569 2854 Non:
599 2790 716 2856 omnia
740 2792 775 2856 in
799 2793 901 2858 unius
921 2802 1086 2878 potestate
1106 2813 1148 2857 ac
1165 2815 1195 2866 25

91 2890 328 2956 moderatione
353 2901 536 2954 vertentur.
1199 2968 1201 2976 J

140 3010 219 3054 vm.
245 2989 338 3054 Vere
371 2989 504 3076 loquar,
531 2990 687 3079 judices:
728 2992 949 3057 vehementer
977 3013 1032 3056 me
1060 2992 1148 3057 haec
1189 2975 1202 3010 ι

90 3113 150 3157 res
179 3089 428 3155 commovebat.
479 3091 639 3176 Optimus
668 3091 758 3156 enirn
788 3093 931 3178 quisque
961 3091 1006 3155 ita
1030 3092 1148 3177 loque-

90 3195 214 3256 batur:
243 3190 306 3254 iste
331 3191 468 3276 quidem
494 3191 553 3255 tibi
579 3191 761 3276 eripietur:
791 3193 851 3257 sed
876 3215 937 3257 nos
962 3213 1031 3255 non
1054 3203 1148 3257 tene-

91 3291 208 3358 bimus
234 3289 366 3379 judicia
398 3290 536 3356 diutius.
602 3291 738 3355 Etenim
771 3291 847 3378 quis
880 3291 1012 3377 poterit,
1037 3290 1147 3357 Verre
1161 3315 1193 3367 30

94 3391 262 3466 absoluto,
282 3390 325 3454 de
348 3390 592 3456 transferendis
613 3391 750 3480 judiciis
771 3390 953 3456 recusare?
999 3409 1041 3455 21.
1065 3391 1149 3457 Erat

93 3490 254 3557 omnibus
287 3491 489 3556 molestum:
530 3513 642 3577 neque
675 3513 734 3555 eos
765 3503 835 3554 tam
868 3491 963 3557 istius
999 3493 1147 3557 hominis

94 3591 217 3677 perditi
238 3591 350 3656 subita
372 3591 513 3664 laetitia,
531 3613 634 3676 quam
660 3591 807 3655 hominis
833 3593 1033 3677 amplissimi
1052 3613 1148 3657 nova

95 3692 292 3779 gratulati0,
318 3691 568 3756 commovebat.
629 3689 821 3775 Cupiebam
851 3693 1066 3756 dissimulare
1092 3713 1147 3756 me

95 3791 131 3856 id
170 3793 312 3856 moleste
350 3791 459 3856 serre:
503 3790 685 3876 cupiebam
721 3791 826 3855 animi
864 3793 1016 3856 dolorem
1051 3791 1146 3855 vultu
1165 3815 1196 3866 35

93 3901 225 3982 tegere,
244 3904 278 3958 et
297 3891 524 3956 taciturnitate
541 3891 668 3957 celare.
717 3889 809 3956 Ecce
830 3903 957 3966 autem,
977 3891 1043 3955 illis
1062 3889 1146 3976 ipsis
