2714 4266
118 206 149 248 Χ·
169 195 226 264 29]
323 194 358 262 A
389 196 529 283 Charge
552 197 601 283 qs
614 195 803 261 Parricida
825 197 856 261 is
879 197 965 260 laeli.
1150 211 1169 280 7

119 396 359 462 crediderunt:
393 394 572 462 Ameriam
601 419 638 462 re
666 396 799 462 inorata
828 407 1050 463 reverterunt.
1115 395 1171 464 Ac

119 498 316 583 primorem
335 495 473 561 differre
490 497 613 562 cotidie
631 518 673 560 ac
697 498 946 582 procrastinare
971 497 1024 562 isti
1048 518 1171 584 coepe-

118 609 216 672 runt;
241 597 367 662 deinde
385 596 560 683 aliquanto
578 597 713 672 lentius,
732 596 817 660 nihil
835 619 940 686 agere
957 610 1058 684 atque
1075 599 1170 663 delu-

119 698 220 770 dere3
262 697 534 782 postremo—id
567 698 659 783 quod
692 696 792 761 facile
825 697 1034 762 intellectum
1065 709 1171 763 est-

118 797 259 863 insidias
290 798 380 863 vitae
414 798 557 886 hujusce
594 795 696 884 [Sex.
732 797 857 886 Rosci]
894 820 1028 884 parare,
1059 820 1170 885 neque
1200 821 1215 878 5

119 919 195 962 sese
220 897 373 962 arbitrari
400 920 500 984 posse
518 897 645 963 diutius
663 897 812 962 alienam
830 898 1014 984 pecuniam
1031 898 1170 964 domino

117 996 281 1062 incolumi
306 998 471 1063 obtinere.

163 1117 200 1162 x.
226 1096 395 1182 17.Q10d
428 1098 485 1164 hic
512 1099 614 1164 simul
644 1111 746 1186 atque
770 1098 888 1175 sensit,
912 1100 956 1165 de
981 1098 1169 1164 amicorum

117 1212 412 1285 cognatorumque
437 1199 605 1265 sententia
629 1198 781 1264 Romam
799 1199 965 1287 confugit,
984 1211 1017 1264 et
1033 1221 1108 1266 sese
1125 1200 1170 1264 ad

118 1297 309 1364 Caeciliam
330 1297 492 1385 [Nepotis
509 1299 652 1387 filiam],
671 1321 777 1386 quam
795 1299 933 1364 honoris
951 1321 1056 1364 causa
1074 1322 1170 1364 nom·
1184 1327 1215 1364 10

118 1398 189 1468 ino,
212 1399 364 1472 contulit,
386 1419 455 1484 qua
475 1409 572 1485 pater
596 1421 679 1464 usus
704 1411 777 1464 erat
802 1400 1009 1485 plurimum3
1042 1399 1077 1464 in
1101 1420 1170 1486 qua

119 1497 274 1574 muliere,
289 1498 437 1586 judices,
457 1501 559 1563 etiam
583 1521 676 1564 nunc
698 1500 751 1584 (id
775 1502 867 1586 quod
890 1522 1010 1565 omnes
1034 1521 1171 1585 semper

118 1597 417 1682 existimaverunt)
440 1599 539 1685 quasi
564 1600 714 1684 exempli
740 1620 845 1664 causa
869 1600 1015 1688 vestigia
1040 1599 1169 1687 antiqui

117 1697 207 1762 offici
235 1709 426 1762 remanent.
475 1698 528 1762 Ea
553 1698 637 1764 Sex.
661 1699 830 1764 Roscium
850 1700 1001 1785 inopem,
1023 1700 1169 1787 ejectum

118 1797 220 1862 domo
232 1809 332 1884 atque
343 1799 526 1883 expulsum
538 1820 581 1862 ex
592 1799 663 1864 suis
674 1800 786 1874 bonis,
800 1799 986 1888 fugientem
999 1801 1168 1864 latronum
1184 1827 1213 1880 15

118 1897 185 1960 tela
203 1911 235 1961 et
253 1897 376 1972 minaS,
392 1898 520 1983 recepit
537 1898 691 1972 domurn,
708 1899 901 1985 hospitique
918 1921 1083 1984 oppresso
1095 1899 1169 1987 jam

117 1997 365 2083 desperatoque
386 1998 429 2062 ab
449 1997 608 2062 omnibus
629 1998 796 2083 opitulata
818 2009 878 2063 est.
929 1998 1013 2088 Ejus
1032 1999 1167 2074 virtute,
1220 1995 1222 1998 ’

115 2096 199 2171 fide,
217 2096 396 2183 diligentia
413 2097 540 2161 factum
558 2110 621 2173 est,
640 2109 677 2163 ut
693 2098 751 2162 hic
775 2098 887 2184 potius
911 2097 1009 2163 vivus
1034 2098 1068 2162 in
1093 2119 1169 2164 reos

115 2216 221 2281 quarn
238 2195 371 2260 occisus
389 2196 423 2260 in
442 2197 648 2282 proscriptos
665 2197 859 2263 referretur.

161 2311 202 2358 ιε.
226 2295 318 2360 Nam
340 2308 520 2382 postquam
538 2295 592 2361 isti
609 2297 852 2362 intellexerunt
868 2319 1004 2362 summa
1024 2297 1169 2385 diligen·
1181 2327 1212 2362 20

114 2395 164 2460 tia
180 2395 284 2458 vitam
302 2394 386 2460 Sex.
406 2395 513 2461 Rosci
531 2397 705 2471 custodiri,
721 2419 833 2484 neque
849 2398 912 2462 sibi
930 2398 1036 2462 ullam
1053 2398 1169 2462 caedis

115 2495 301 2560 faciundae
325 2507 524 2580 potestatem
543 2496 631 2572 dari,
651 2497 830 2562 consilium
850 2509 1013 2583 ceperunt
1030 2497 1170 2582 plenum

116 2593 257 2659 sceleris
286 2605 318 2659 et
347 2595 528 2670 audaciae,
557 2606 594 2660 ut
622 2618 748 2661 nomen
778 2597 880 2685 hujus
912 2598 955 2662 de
988 2597 1170 2682 parricidio

116 2693 310 2768 deferrent,
335 2705 371 2759 ut
387 2695 430 2760 ad
448 2716 525 2759 eam
546 2717 618 2762 rem
643 2697 794 2784 aliquem
818 2708 1053 2764 accusatorem
1077 2709 1169 2762 vete-

116 2817 189 2860 tem
215 2807 466 2878 compararent,
489 2795 547 2881 qui
573 2796 616 2861 de
641 2818 682 2861 ea
705 2818 741 2862 re
761 2810 876 2884 posset
892 2799 1006 2863 dicere
1025 2798 1167 2885 aliquid,
1181 2825 1211 2878 ²5

116 2894 153 2958 in
170 2915 238 2980 qua
255 2916 291 2958 re
309 2895 403 2958 nulla
420 2895 576 2961 subesset
592 2897 754 2982 suspiti03
778 2898 926 2985 denique
943 2910 990 2972 ut,
1006 2898 1169 2985 quoniam

118 2993 260 3060 crimine
284 3015 353 3058 non
381 3006 550 3080 poterant,
576 2994 730 3083 tempore
758 2997 833 3083 ipso
861 3009 1068 3088 pugnarent.
1118 2998 1169 3064 lta

116 3093 211 3180 loqui
229 3093 405 3160 homines:
430 3097 522 3182 quod
536 3095 667 3186 judicia
683 3109 752 3163 tam
770 3099 828 3164 diu
845 3098 936 3164 facta
953 3121 1020 3164 non
1041 3110 1167 3175 essent,

118 3193 341 3260 condemnari
374 3216 451 3259 eum
485 3209 655 3282 oportere,
685 3199 743 3285 qui
776 3200 906 3285 primus
939 3199 973 3262 in
1001 3198 1169 3289 judicium

118 3293 285 3359 adductus
310 3305 419 3369 esset;
449 3297 530 3382 lruic
555 3309 667 3362 autem
686 3310 846 3383 patronos
864 3312 1001 3384 propter
1018 3299 1170 3387 Chryso·
1181 3328 1213 3380 3⁰

10 3454 12 3461 ,
118 3394 201 3480 goni
218 3393 364 3482 gratiam
381 3395 578 3470 defuturos3
609 3398 652 3461 de
668 3398 835 3463 bonorum
857 3400 1051 3466 venditione
1072 3413 1105 3465 et
1126 3401 1169 3465 de

119 3493 183 3558 ista
211 3493 372 3559 societate
400 3496 543 3560 verbum
573 3517 648 3560 esse
673 3497 842 3561 facturum
867 3500 1061 3571 neminem3
1094 3500 1169 3585 ipso

119 3593 256 3659 nomine
285 3595 447 3679 parricidi
476 3607 509 3660 et
540 3596 714 3660 atrocitate
747 3597 912 3672 criminis,
943 3600 1014 3665 fore
1046 3611 1082 3664 ut
1113 3600 1169 3664 hic

119 3693 212 3758 nullo
237 3694 375 3780 negotio
400 3694 585 3770 tolleretur,
605 3717 683 3759 cum
709 3697 752 3759 ab
775 3698 870 3761 nullo
886 3698 1048 3764 defensus
1065 3710 1165 3764 esset.

120 3793 197 3858 Hoc
221 3793 365 3858 consilio
389 3805 490 3879 atque
516 3794 603 3858 adeo
628 3796 694 3858 hac
718 3796 867 3860 amentia
892 3797 1043 3882 impulsi,
1065 3818 1166 3884 quern
1183 3827 1215 3880 ³5

118 3893 183 3979 ipsi
207 3914 285 3959 cum
306 3903 471 3978 cuperent
490 3914 558 3957 non
578 3905 761 3979 potuerunt
776 3896 947 3972 occidere,
966 3919 1044 3961 eum
1064 3897 1169 3984 jugu-

118 3993 260 4058 landum
284 3991 380 4057 vobis
404 3991 627 4057 tradiderunt-
