2668 4262
79 190 170 262 1·1·].
230 190 326 258 How
349 192 405 258 the
433 191 649 281 Conspiracy
673 215 745 258 was
767 192 987 280 suppressed.
1070 210 1135 279 109

76 393 169 458 duce
191 405 226 458 et
250 393 454 478 imperatore
478 394 627 459 sedetur.
677 392 782 478 Quod
806 415 874 480 ego
897 393 947 459 sic
971 391 1135 458 adminis-

74 495 191 567 trabo,
212 491 376 580 Quies,
396 507 443 568 ut,
461 494 490 558 si
507 495 577 559 ullo
595 495 695 560 modo
713 494 784 558 fieri
802 494 934 579 poterit,
950 516 993 558 ne
1010 494 1136 578 impro-

75 596 141 658 bus
159 596 301 680 quidem
318 594 499 680 quisquam
517 594 551 657 in
570 596 636 659 hac
653 595 735 660 urbe
753 616 900 680 poenam
918 594 971 659 sui
995 593 1135 660 sceleris

75 695 235 758 sufferat.
285 693 356 758 Sed
386 695 414 758 si
442 694 495 758 vis
519 694 721 760 manifestae
746 695 926 767 audaciae,
950 693 978 758 si
1002 694 1136 778 impen-

75 797 165 860 dens
193 795 323 879 patriae
348 794 540 879 periculum
566 816 619 859 me
645 794 840 859 necessario
863 795 907 859 de
935 794 1002 858 hac
1030 792 1136 857 animi
1169 814 1184 868 5

75 896 221 960 lenitate
249 895 442 968 deduxerit,
471 894 556 960 illud
584 893 737 979 profecto
764 893 954 979 perficiam,
979 893 1072 978 quod
1100 893 1135 956 in

74 1008 173 1060 tanto
200 1007 233 1060 et
256 1007 326 1059 tam
351 993 514 1059 insidioso
538 993 629 1059 bello
652 993 709 1058 vix
728 994 915 1078 optandum
936 993 1082 1068 videtur,
1100 1003 1137 1058 ut

74 1117 195 1181 neque
219 1095 329 1162 bonus
353 1093 535 1180 quisquam
559 1093 714 1168 intereat,
739 1113 995 1180 paucorumque
1024 1113 1136 1178 poena

75 1217 140 1259 vos
160 1215 284 1260 omnes
303 1195 390 1259 salvi
410 1215 485 1260 esse
510 1193 659 1279 possitis.
706 1209 755 1257 aa.
780 1192 883 1279 Qtae
906 1193 1044 1280 quidem
1069 1214 1137 1280 ego

76 1316 195 1380 neque
225 1315 302 1359 mea
329 1294 511 1378 prudentia
535 1314 646 1380 neque
671 1294 832 1358 humanis
855 1292 1007 1358 oonsiliis
1033 1293 1137 1358 fretus
1154 1318 1185 1354 ιο

77 1396 248 1478 polliceor
263 1396 373 1469 vobis,
392 1392 558 1478 Quirites,
577 1395 636 1460 sed
656 1393 768 1458 multis
785 1404 819 1458 et
834 1415 903 1458 non
919 1393 1032 1459 dubiis
1055 1395 1138 1458 deo-

76 1518 155 1559 rum
174 1495 418 1560 immortalium
436 1494 757 1582 significationibus,
771 1493 896 1580 quibus
909 1515 976 1580 ego
991 1494 1137 1560 ducibus

77 1595 111 1659 in
131 1597 228 1660 hanc
244 1617 340 1681 spem
359 1595 633 1680 sententiamque
653 1617 730 1660 sum
755 1593 952 1681 ingressus3
984 1593 1043 1680 qui
1063 1594 1136 1682 jam

77 1717 149 1760 non
180 1697 313 1782 procul,
341 1707 378 1760 ut
403 1695 577 1781 quondam
607 1696 774 1769 solebant,
798 1695 842 1758 ab
869 1706 1012 1758 externo
1041 1694 1137 1758 hoste

77 1808 184 1882 atque
210 1796 409 1882 longinquo,
429 1796 490 1860 sed
513 1795 569 1860 hic
585 1808 782 1880 praesentes
798 1815 860 1860 suo
878 1794 1018 1859 nurnine
1035 1804 1137 1880 atque
1154 1819 1163 1853 ι
1170 1801 1184 1868 5'

78 1896 214 1960 auxilio
230 1917 294 1960 sua
310 1896 436 1981 templa
454 1906 557 1981 atque
574 1895 667 1959 urbis
683 1906 771 1960 tecta
787 1895 988 1960 defendunt.
1038 1891 1137 1979 Quos

77 2018 153 2070 νοε,
176 1994 343 2077 Quirites,
363 1995 509 2080 precari,
529 1995 698 2069 venerari,
717 1995 901 2080 implorare
922 1995 1068 2070 debetis,
1087 2005 1135 2070 ut,

78 2117 187 2182 quarn
206 2097 323 2161 urbem
339 2096 605 2181 pulcherrimam
620 2095 964 2183 florentissimamque
977 2117 1053 2162 esse
1067 2097 1136 2161 vol·

78 2208 219 2272 uerunt,
245 2197 349 2270 hanc,
372 2197 532 2261 omnibus
561 2197 708 2260 hostium
738 2197 845 2283 copiis
868 2209 957 2261 terra
983 2197 1138 2284 marique

80 2298 265 2382 superatis,
296 2318 315 2361 a
348 2297 654 2383 perditissimorum
687 2296 812 2362 civium
845 2296 976 2362 nefario
1006 2298 1184 2364 scelerew

79 2399 283 2464 defendant.
304 2439 336 2480 ,a

201 2715 236 2781 3.
266 2697 361 2764 How
384 2699 440 2763 the
469 2697 683 2786 Conspiracy
707 2719 780 2762 was
802 2698 1023 2786 suppressed.

413 2843 511 2892 Before
524 2843 571 2892 the
584 2841 694 2906 People,
709 2842 776 2892 Dec.
788 2855 812 2907 3.

129 2967 208 3021 Now
227 2965 287 3019 that
307 2963 425 3018 Catiline
444 2964 499 3017 had
518 2964 590 3017 been
606 2964 703 3017 driven
717 2965 776 3017 into
789 2981 863 3034 open
876 2981 940 3030 war,
955 2965 1001 3020 the
1014 2964 1139 3034 conspir-

85 3073 137 3127 acy
151 3058 246 3110 within
259 3056 306 3109 the
324 3056 380 3125 city
394 3072 450 3107 was
468 3055 497 3106 in
516 3055 563 3108 the
583 3055 673 3108 hands
691 3054 724 3107 of
739 3056 841 3126 utterly
858 3055 1047 3124 incompetent
1066 3069 1133 3108 men.

89 3147 232 3210 Lentulus,
246 3147 308 3199 who
322 3145 439 3199 claimed
453 3146 500 3198 the
513 3145 576 3199 lead
589 3145 626 3216 by
640 3147 728 3199 virtue
741 3145 774 3198 of
789 3147 831 3198 his
845 3145 976 3199 consular
991 3147 1068 3213 rank,
1082 3161 1138 3199 was

87 3240 159 3302 vain,
173 3253 319 3306 pompous,
336 3236 391 3289 and
410 3235 568 3289 inefficient.
606 3237 668 3289 The
689 3247 754 3290 next
774 3238 801 3288 in
820 3237 897 3302 rank,
915 3238 1066 3308 Cethegus,
1082 3254 1138 3291 was

88 3329 229 3400 energetic
251 3327 371 3397 enough,
391 3326 441 3380 but
461 3328 525 3380 rash
545 3326 601 3380 and
620 3326 814 3397 bloodthirsty.
852 3329 914 3381 The
933 3329 1033 3381 consul
1052 3329 1137 3398 easily

89 3419 155 3487 kept
169 3420 215 3473 the
232 3435 283 3471 run
300 3417 333 3470 of
346 3428 453 3482 events,
467 3418 523 3470 and
536 3427 565 3470 at
581 3417 636 3470 last
655 3417 812 3471 succeeded
832 3419 859 3470 in
882 3420 991 3488 getting
1012 3420 1088 3472 them
1109 3428 1135 3472 to

90 3511 202 3564 commit
220 3507 390 3563 themselves
410 3509 437 3560 in
454 3509 570 3577 writing,
589 3509 669 3561 when
690 3509 724 3561 he
739 3509 794 3562 had
808 3526 844 3562 no
857 3509 990 3580 difficulty
1004 3510 1031 3562 in
1046 3527 1134 3562 secu:-

91 3599 136 3669 ing
154 3601 200 3654 the
216 3600 391 3663 documents‚
405 3597 461 3650 and
476 3599 615 3669 arresting
628 3599 674 3652 the
688 3601 887 3668 conspirators.
926 3601 999 3654 How
1013 3600 1069 3653 this
1082 3615 1136 3654 was

91 3690 295 3760 accomplished
308 3691 331 3743 is
346 3687 404 3742 told
417 3689 446 3741 in
459 3689 506 3742 the
519 3688 593 3741 third
605 3690 723 3742 oration.

134 3820 157 3864 1.
183 3814 206 3861 ι.
230 3799 320 3866 Rau
348 3815 543 3871 Poomcaru,
578 3797 744 3881 Quirites,
777 3801 949 3885 vitamque
984 3800 1136 3864 omnium

93 3912 250 3976 vestrum,
272 3900 375 3973 bona,
398 3898 563 3972 fortunas,
586 3898 752 3985 conjuges
776 3899 968 3986 liberosque
993 3912 1134 3973 vestros,
