2668 4262
76 219 106 259 x.
121 205 184 278 25.]
338 205 606 295 Thanksgrbing
626 218 660 273 to
683 207 741 274 the
769 207 874 274 Gods.
1049 208 1134 297 '119

73 408 182 496 tatio]
209 408 253 474 ab
277 407 426 474 Lentulo
450 402 859 496 ceterisque'domesticis
883 409 1036 476 hostibus
1063 421 1134 474 tam

74 509 260 574 dementer
293 521 407 574 tantae
435 491 490 574 re's
522 511 672 575 creditae
703 522 737 576 et
764 511 890 597 ignotis
920 523 952 576 et
979 509 1182 576 barbaris

79 609 309 696 [commissae
326 609 475 697 litterae]
490 617 682 696 'numquam
699 623 813 676 essent
829 610 993 696 profect0‚
1008 611 1073 676 nisi
1090 611 1134 676 ab
1189 674 1196 684 ,
1296 593 1304 689 ,’

74 710 132 775 dis
149 710 399 774 immortalibus
422 710 502 774 hu'ic
517 721 632 776 tantae
656 711 824 776 audaciae
848 711 1028 775 consilium
1045 721 1172 802 esset,
1190 691 1212 797 ζ
1283 743 1295 789 ·.,

75 821 250 896 ereptum.
301 809 396 893 Qid
419 809 523 875 vero?
554 823 590 875 ut
614 811 771 876 homines
795 810 902 885 Galli,
928 832 972 875 ex
1000 800 1135 876 civitate
1168 812 1199 890 i.
1285 879 1290 889 ,

75 912 173 975 male
191 919 327 995 pacata,
341 931 430 997 quae
447 931 534 998 gens
551 931 620 974 una
637 922 740 976 restat
755 933 845 997 quae
861 913 990 976 bellum
1008 912 1135 997 populo
1181 927 1223 970 *x
1291 927 1294 935 ‘
1317 897 1321 904 ’

75 1010 246 1075 Romano
277 1010 392 1076 facere
424 1031 525 1097 posse
557 1022 590 1076 et
617 1031 686 1076 non
717 1011 809 1076 nolle
835 1011 1007 1091 videatur,
1023 1033 1134 1098 spem

74 1109 205 1195 imperi
238 1129 280 1175 ac
311 1132 424 1175 rerum
457 1110 688 1175 maximarum
718 1111 903 1176 ultrofsibi
968 1104 1135 1197 ‘patriciis

75 1209 281 1276 hominibus
304 1210 454 1274 oblatam
481 1209 720 1298 neglegerent,
745 1222 858 1275 vestra
920 1229 963 1276 ue
990 1211 1135 1276 salutern

75 1309 153 1374 suis
170 1309 306 1394 opibus'
319 1321 577 1394 anteponerent,
596 1310 631 1375 id
647 1331 716 1374 non
732 1310 894 1376 divinitus
916 1333 991 1376 esse
1008 1311 1185 1386 sactum‘uo

76 1407 232 1496 putatis?
248 1410 447 1494 praesertim
460 1409 519 1496 qui
534 1431 599 1476 nos
614 1433 682 1476 non
700 1411 902 1498 pugnando,
917 1411 979 1476 sed
991 1411 1137 1476 tacendo

76 1530 249 1594 superare
272 1485 518 1595 potuerintiL

124 1631 166 1674 x.
193 1625 241 1674 aa.
265 1609 383 1695 Qam
407 1599 451 1675 ob
475 1631 562 1685 rem,
582 1609 748 1695 Quirites,
766 1610 928 1697 quoniam
953 1611 997 1676 ad
1021 1610 1137 1675 omnia

77 1710 278 1794 pulvinaria
295 1709 501 1796 supplicatio
517 1711 652 1776 decreta
671 1723 733 1787 est,
748 1711 954 1776 celebratote
972 1711 1047 1776 illos
1064 1710 1138 1774 dies

78 1831 162 1875 cum
182 1810 388 1900 conjugibus
414 1831 456 1875 ac
477 1810 593 1878 liberis
609 1811 742 1877 vestris.
791 1810 883 1875 Nam
911 1811 1007 1875 multi
1033 1830 1137 1894 saepe
1155 1835 1186 1891 ις
1213 1817 1218 1832 ’

79 1912 233 1977 honores
260 1912 313 1977 dis
337 1899 586 1976 immortalibus
610 1911 691 1999 justi
720 1911 826 1976 habiti
854 1923 932 1976 sunt
957 1931 998 1975 ac
1017 1910 1135 1985 debiti,

78 2013 144 2076 sed
179 2011 330 2096 profecto
358 2011 517 2098 justiores
550 2032 751 2098 numquam.
797 2011 914 2096 Erepti
940 2011 1032 2076 enirn
1057 2011 1138 2076 estis

79 2131 126 2176 ex
160 2112 399 2176 crudelissimo
431 2132 472 2176 ac
509 2112 698 2177 miserrimo
726 2111 891 2185 interitu3
927 2111 1032 2196 erepti
1064 2111 1138 2176 sine

80 2213 207 2286 caede,
225 2211 300 2277 sine
316 2212 501 2299 sanguiue,
519 2212 593 2277 sine
621 2212 786 2287 exercitu,
806 2212 880 2277 sine
906 2212 1135 2276 dimicatione.

79 2309 213 2400 Togati
247 2332 303 2376 me
335 2333 404 2376 uno
431 2323 547 2398 togato
575 2311 664 2377 duce
698 2323 732 2376 et
763 2313 967 2397 imperatore
995 2312 1135 2376 vicistis.
1153 2337 1184 2376 20

80 2429 130 2476 24.
156 2411 294 2477 Etenim
310 2412 554 2486 recordamini,
573 2410 740 2496 Quirites,
754 2411 865 2477 omnis
883 2411 991 2476 civilis
1009 2413 1139 2476 dissen-

82 2513 222 2579 siones:
247 2534 316 2577 non
345 2512 455 2577 solum
484 2533 544 2576 eas
575 2534 662 2598 quas
691 2513 845 2587 audistis,
873 2514 933 2577 sed
961 2533 1020 2577 eas
1053 2533 1139 2598 quas

82 2624 220 2680 vosmet
246 2612 312 2697 ipsi
344 2612 547 2676 meministis
574 2624 676 2698 atque
703 2612 847 2677 vidistis.
896 2610 941 2675 L.
969 2611 1069 2677 Sulla
1095 2612 1135 2676 Ρ.

84 2712 281 2798 Sulpicium
313 2713 503 2798 oppressit3
536 2711 654 2800 [ejecit
685 2733 728 2776 ex
762 2711 862 2800 urbe]
898 2711 940 2778 C.
972 2712 1136 2786 Marium,

84 2815 265 2879 custodem
294 2813 395 2901 hujus
423 2813 529 2886 urbiS,
555 2813 746 2899 multosque
775 2812 868 2877 fortis
896 2813 987 2877 viros
1015 2813 1138 2897 partim
1154 2839 1184 2892 ²5

86 2913 188 3002 ejecit
218 2935 262 2978 ex
293 2913 442 2986 civitate,
475 2912 598 2997 partim
630 2912 810 2977 interemit.
875 2911 942 2978 Cn.
974 2913 1138 2977 Octavius

86 3011 207 3080 consul
237 3013 341 3078 armis
377 3013 508 3098 expulit
530 3034 572 3076 ex
597 3014 681 3077 urbe
716 3014 921 3100 conlegam:
945 3013 1056 3076 omnis
1083 3011 1139 3076 hic

87 3116 185 3182 locus
198 3115 330 3178 acervis
347 3134 528 3198 corporum
546 3125 579 3177 et
592 3113 717 3176 civium
734 3113 904 3200 sanguine
920 3112 1136 3177 redundavit.

88 3214 273 3302 Superavit
287 3225 405 3298 postea
426 3211 540 3278 Cinna
565 3233 643 3276 curn
661 3211 796 3276 Mario:
820 3225 892 3276 tum
908 3234 1003 3286 vero,
1021 3213 1139 3276 claris·

89 3316 184 3381 simis
203 3314 284 3378 viris
309 3312 505 3386 intersectis,
525 3313 656 3377 lumina
681 3313 825 3378 civitatis
857 3313 1023 3378 exstincta
1050 3325 1137 3377 sunt.
1154 3339 1185 3390 30

88 3415 189 3482 Ultus
216 3426 267 3480 est
292 3413 394 3501 hujus
418 3413 580 3478 victoriae
612 3413 846 3479 crudelitatem
875 3425 992 3497 postea
1017 3411 1136 3478 Sulla:

91 3538 132 3581 ne
149 3516 215 3582 dici
242 3515 380 3602 quidem
405 3535 493 3598 opus
517 3526 568 3578 est
595 3526 722 3600 quanta
748 3513 971 3578 diminutione
996 3513 1135 3587 civium,

91 3630 122 3680 et
137 3628 264 3703 quanta
281 3615 475 3680 calamitate
491 3613 540 3678 rei
558 3615 728 3698 publicae.
779 3613 949 3678 Dissensit
965 3613 1018 3677 M.
1034 3612 1138 3698 Lepi-

91 3716 153 3782 dus
170 3737 189 3780 a
206 3714 396 3782 clarissimo
423 3735 464 3778 ac
487 3713 670 3780 fortissimo
687 3714 759 3777 viro
784 3712 838 3798 Q
858 3712 1003 3779 Catulo:
1030 3714 1139 3778 attulit

91 3837 157 3881 non
184 3829 254 3881 tam
285 3814 393 3902 ipsius
425 3814 577 3879 interitus
605 3814 653 3878 rei
683 3813 840 3898 publicae
872 3815 1000 3878 luctum
1033 3835 1136 3899 quam
1157 3837 1188 3890 35

91 3929 290 3982 ceterorum.
338 3933 384 3981 2⁵.
407 3913 522 4001 Atque
539 3913 618 3980 illae
634 3924 749 3978 tamen
765 3933 885 3979 omnes
906 3913 1137 3978 dissensiones
