2714 4266
98 209 137 250 Ἡ·
158 196 212 269 16·]
336 199 418 266 Wko
441 223 515 266 was
538 201 595 268 tlte
618 201 715 266 elder
736 197 916 266 Roscius?
995 235 998 246 ·
1127 220 1148 287 3

96 397 196 478 ratio,
221 420 350 466 verum·
369 401 472 478 etiarn
502 401 735 492 cognoscendi
763 401 975 468 consuetudo
1000 401 1074 492 jam
1105 402 1149 469 de

97 499 233 566 civitate
257 500 392 566 sublata
415 515 479 568 est.

142 615 171 662 4.
192 598 339 666 Accedit
362 602 422 667 illa
445 624 581 690 quoque
605 622 723 678 causa,
742 603 834 688 quod
859 624 879 667 a
905 604 1027 670 ceteris
1052 602 1150 669 forsi-

96 710 156 766 tan
172 699 218 766 ita
234 701 376 786 petitum
392 703 435 768 sit
448 714 485 783 ut
502 704 665 778 dicerent,
685 712 721 766 ut
737 703 902 769 utrumvis
919 704 1015 769 salvo
1037 703 1150 770 officio

97 800 212 866 facere
235 822 273 866 se
297 823 399 888 posse
426 804 690 869 arbitrarentur:
726 822 746 867 a
776 824 831 868 me
863 814 978 868 autem
1008 802 1040 869 ei
1068 825 1150 870 con·
1181 815 1199 875 5

96 901 291 977 tenderunt,
316 903 375 989 qui
403 903 496 990 apud
523 925 579 969 me
606 913 639 968 et
666 903 816 968 amicitia
845 914 878 969 et
905 904 1083 969 beneficiis
1115 913 1149 969 et

97 1000 265 1090 dignitate
292 1003 477 1089 plurimum
505 1013 659 1089 possunt,
683 1024 830 1089 quorum
858 1025 926 1092 ego
954 1025 1020 1069 nec
1046 1004 1151 1070 bene·

96 1102 283 1168 volentiam
318 1125 403 1192 erga
437 1125 493 1169 me
525 1104 698 1192 ignorare,
728 1125 794 1169 nec
826 1103 1063 1169 auctoritatem
1095 1125 1149 1168 as·
1175 1132 1178 1136 ’

96 1201 249 1288 pernari,
282 1224 349 1269 nec
383 1205 594 1270 voluntatem
632 1205 822 1292 neglegere
859 1205 1019 1270 debeam.
1084 1203 1151 1268 His

97 1303 144 1368 de
163 1302 275 1368 causis
294 1324 362 1391 ego
381 1304 461 1369 huic
480 1325 607 1370 causae
629 1315 792 1390 patronus
817 1303 944 1381 exstiti,
966 1326 1036 1370 non
1060 1305 1197 1370 elec-1⁰

96 1413 152 1468 tus
171 1424 260 1468 unus
281 1402 339 1489 qui
356 1404 507 1470 maximo
524 1404 677 1493 ingenio,
696 1405 757 1470 sed
774 1405 914 1470 relictus
931 1426 976 1471 ex
992 1403 1151 1472 omnibus

96 1501 157 1590 qui
180 1502 322 1568 minimo
349 1504 503 1590 periculo
527 1525 665 1591 possem
690 1505 827 1580 dicere3
860 1526 973 1591 neque
995 1504 1045 1570 uti
1069 1503 1151 1570 satis

96 1603 197 1668 firmo
219 1602 391 1688 praesidio
412 1604 574 1670 defensus
596 1603 682 1670 Sex.
703 1604 867 1680 Roscius
890 1625 1011 1694 verum
1034 1603 1083 1669 uti
1107 1624 1151 1669 ne

97 1702 239 1769 omnino
263 1703 416 1770 desertus
441 1715 542 1770 esset.

143 1821 196 1866 vr.
228 1820 255 1868 u.
279 1802 363 1868 Sex.
390 1804 553 1878 Roscius,
578 1814 675 1889 pater
695 1803 851 1890 hujusce,
870 1804 1054 1890 municeps
1066 1801 1151 1868 Am·
1165 1821 1196 1875 15

97 1901 215 1968 erinus
238 1902 312 1979 suit,
338 1925 417 1968 cum
444 1925 572 1992 genere
600 1914 633 1967 et
657 1902 832 1968 nobilitate
858 1914 891 1969 et
913 1903 1060 1987 pecunia
1083 1925 1151 1967 non

97 2004 202 2068 modo
218 2002 270 2068 sui
289 2003 452 2088 municipi
480 2003 719 2068 verumetiam
745 2003 819 2090 ejus
843 2003 1026 2068 vicinitatis
1051 2003 1151 2068 facile

97 2101 244 2187 primus,
269 2114 340 2166 tum
369 2103 481 2190 gratia
507 2115 607 2189 atque
636 2102 791 2188 hospitiis
819 2103 945 2168 florens
974 2103 1151 2167 hominum

97 2201 401 2268 nobilissimorum.
458 2201 552 2266 Nam
578 2223 656 2266 cum
683 2201 848 2277 Metellis
878 2202 1046 2277 Serviliis,
1076 2201 1152 2267 Sci·

97 2301 258 2386 pionibus
282 2312 355 2366 erat
385 2301 417 2365 ei
448 2323 518 2366 non
549 2302 652 2367 modo
681 2301 878 2388 hospitium,
904 2324 1023 2366 verum
1048 2302 1198 2367 etiamzo

97 2399 308 2466 domesticus
323 2422 407 2466 usus
423 2411 456 2466 et
472 2401 704 2476 consuetud03
733 2423 820 2488 quas
842 2403 897 2488 (ut
913 2422 1061 2487 aequum
1079 2401 1147 2488 est)

97 2499 249 2566 familias
284 2500 471 2566 honestatis
508 2500 811 2587 amplitudinisque
849 2501 959 2589 gratia
996 2500 1149 2566 nomino.

98 2599 220 2686 Itaque
247 2621 292 2666 ex
322 2600 482 2666 omnibus
513 2601 584 2666 suis
615 2601 807 2667 commodis
840 2602 906 2665 hoc
937 2602 1048 2666 solum
1080 2599 1152 2666 filio

97 2700 255 2786 reliquit:
294 2722 374 2764 nam
411 2699 653 2786 patrimonium
685 2700 862 2767 domestici
895 2701 1086 2787 praedones
1116 2699 1151 2764 vi
1245 2779 1249 2786 Ι

97 2812 254 2884 ereptum
270 2800 457 2886 possident,
476 2800 569 2866 fama
585 2811 618 2866 et
634 2800 703 2866 vita
723 2801 915 2867 innocentis
940 2800 983 2865 ab
1008 2798 1150 2885 hospiti·
1165 2819 1196 2872 ες

97 2901 164 2966 bus
188 2899 375 2986 amicisque
399 2901 549 2985 paternis
573 2901 779 2967 defenditur.
842 2919 871 2965 e.
896 2900 930 2965 Is
955 2921 1032 2966 cum
1056 2899 1151 2964 omni

98 3011 253 3086 tempore
284 3000 468 3066 nobilitatis
499 3001 611 3068 fautor
642 3001 774 3077 fuisset,
803 3012 875 3065 tum
908 3000 974 3065 hoc
1004 2999 1150 3064 tumultu

99 3101 270 3188 proximo,
296 3121 373 3166 cum
398 3100 552 3166 omnium
576 3101 743 3168 nobilium
769 3101 918 3189 dignitas
943 3110 975 3165 et
999 3100 1092 3164 salus
1114 3097 1149 3162 in

100 3201 286 3269 discrimen
300 3201 444 3278 veniret,
463 3213 598 3289 praeter
614 3213 745 3268 ceteros
762 3201 798 3266 in
820 3223 862 3266 ea
881 3199 1052 3264 vicinitate
1072 3221 1149 3264 eam

99 3313 231 3389 partem
249 3324 459 3390 causamque
474 3325 593 3390 opera,
612 3303 736 3378 studio,
757 3300 955 3367 auctoritate
977 3300 1148 3372 defendit:
1163 3322 1195 3372 30

101 3405 226 3470 etenim
251 3417 380 3472 rectum
406 3406 547 3492 putabat
570 3427 631 3491 pro
656 3425 775 3470 eorum
801 3404 977 3467 honestate
1002 3423 1038 3465 se
1062 3422 1149 3488 pug-

101 3528 196 3581 nare,
220 3518 358 3594 propter
380 3528 466 3594 quos
490 3506 564 3592 ipse
589 3505 850 3571 honestissimus
875 3505 961 3566 inter
985 3523 1064 3566 suos
1088 3523 1150 3565 nu·

102 3608 307 3673 merebatur.
356 3606 585 3692 Posteaquam
616 3605 758 3670 victoria
796 3603 977 3669 constituta
1011 3612 1073 3673 est,
1107 3600 1150 3663 ab

103 3706 272 3792 armisque
307 3707 674 3780 recessimus‚-cum
714 3704 1005 3789 proscriberentur
1042 3699 1151 3764 homi·

102 3825 176 3880 nes,
194 3818 295 3892 atque
317 3827 361 3870 ex
382 3806 476 3871 omni
501 3804 642 3892 regione
666 3815 869 3889 caperentur
892 3803 924 3866 ei
947 3802 1006 3888 qui
1030 3801 1150 3865 adver·
1165 3824 1196 3874 35

103 3903 182 3968 sarii
210 3905 315 3972 fuisse
342 3907 701 3992 putabantur,-erat
724 3904 782 3968 ille
806 3903 942 3969 Romae
967 3902 1149 3988 frequensr
