2668 4262
77 208 232 280 xn11.90.]
426 209 518 277 Milo
541 211 615 274 and
641 210 794 276 Clodius.
1076 208 1136 294 165

15 417 18 422 “
75 411 245 496 exemplo
260 412 427 477 bonorum
445 424 477 477 et
493 410 628 475 fortium
646 411 786 476 civium.
836 409 931 494 Qid
948 409 1137 494 republica,

75 512 162 597 quid
189 535 229 576 se
252 513 395 598 dignum
422 525 522 585 esset,
548 512 624 596 quis
648 511 722 596 ipse
746 523 849 584 esset,
874 511 956 596 quid
985 532 1137 595 sperare,

75 612 163 696 quid
198 611 385 699 majoribus
416 612 486 675 suis
519 611 660 674 reddere
696 611 847 684 deberet,
877 611 1138 697 diligentissime

76 711 270 797 cogitabat.
335 729 381 776 tt.
407 711 500 774 Huic
539 710 698 797 gravitati
738 711 885 776 hominis
913 711 1051 776 videbat
1081 711 1138 776 ille

75 811 257 896 gladiator
290 833 340 887 se,
380 812 407 877 si
444 810 594 874 moribus
632 822 762 898 ageret,
797 832 914 897 parem
958 832 1033 876 esse
1070 833 1173 888 non5

75 930 196 994 posse.
248 909 305 976 Ad
330 912 536 976 cotidianam
562 911 719 985 caedem,
745 911 918 988 incendia,
940 913 1077 997 rapinas
1102 933 1138 976 se

74 1029 159 1073 curn
186 1012 340 1076 exercitu
365 1033 427 1076 suo
451 1011 612 1075 contulit:
641 1011 781 1076 domurn
806 1032 1021 1099 oppugnare,
1044 1011 1139 1075 itine-

75 1111 175 1175 ribus
202 1133 395 1184 occurrere,
420 1111 454 1175 vi
479 1112 650 1176 lacessere
674 1123 708 1176 et
733 1123 860 1177 terrere
885 1112 1008 1196 coepit.
1057 1110 1138 1175 Non

76 1212 189 1275 movit
203 1212 376 1276 hominem
391 1233 525 1276 summa
537 1213 704 1299 gravitate
715 1233 923 1297 summaque
935 1211 1137 1276 constantia.

77 1309 152 1375 Sed
163 1349 210 1360 -
222 1333 430 1399 quamquam
444 1313 542 1376 dolor
556 1314 675 1388 animi,
689 1314 805 1376 innata
820 1313 969 1385 libertas,
983 1323 1139 1396 prompta
1160 1343 1192 1384 10

77 1413 328 1498 excellensque
358 1413 464 1478 virtus
492 1412 712 1478 fortissimum
738 1413 848 1476 virum
873 1413 1082 1485 hortabatur,
1106 1410 1139 1474 vi

78 1512 151 1576 vim
169 1513 335 1588 oblatam,
354 1515 554 1599 praesertim
572 1515 724 1598 saepius,
744 1526 777 1577 ut
799 1513 972 1600 frangeret
995 1524 1027 1577 et
1051 1509 1106 1575 rel
1127 1545 1141 1558 -

80 1623 225 1677 taret-
236 1626 328 1678 tanta
348 1615 533 1681 moderatio
550 1615 612 1678 suit
629 1614 787 1688 hominis,
803 1626 931 1677 tantum
946 1613 1137 1681 consilium,

81 1728 117 1778 ut
133 1715 325 1780 contineret
341 1717 508 1789 dolorem,
526 1737 638 1801 neque
659 1715 779 1780 eadem
800 1735 837 1778 se
861 1734 897 1777 re
922 1715 1143 1779 ulcisceretur

80 1837 150 1901 qua
169 1828 261 1882 esset
276 1817 475 1890 lacessitus3
499 1817 560 1882 sed
576 1817 686 1889 illurn,
704 1828 751 1879 tot
763 1815 835 1902 jam
853 1814 887 1877 in
901 1813 1075 1877 funeribus
1092 1813 1140 1877 rei
1161 1839 1190 1895 ις

81 1919 246 2001 publicae
260 1920 486 1983 exsultantem
503 1938 543 1982 ac
556 1916 811 2001 tripudiantem,
827 1915 956 2000 legum,
972 1913 999 1978 si
1013 1926 1139 1998 posset,

82 2019 219 2105 laqueis
237 2019 496 2107 constringeret.
546 2033 591 2080 45.
617 2014 805 2081 Descendit
825 2016 868 2078 ad
893 2014 1138 2078 accusandum.

85 2117 177 2203 Quis
196 2141 358 2207 umquam
378 2133 446 2184 tam
465 2117 600 2204 proprie
625 2115 672 2180 rei
698 2115 856 2200 publicae
881 2111 1008 2178 causa?
1039 2112 1142 2176 nullis

83 2218 286 2293 inimicitiis,
302 2221 404 2284 nullis
418 2218 593 2305 praemiis,
610 2217 704 2280 nulla
723 2215 899 2278 hominum
918 2213 1142 2299 postulatione

86 2332 144 2386 aut
171 2322 274 2386 etiam
301 2321 461 2406 opinione
490 2319 524 2383 id
553 2339 632 2381 eum
660 2335 823 2401 umquam
854 2335 929 2378 esse
958 2313 1139 2376 facturum.
1160 2331 1194 2370 20

85 2418 202 2486 Fracti
221 2433 317 2486 erant
334 2420 437 2484 animi
457 2418 625 2483 hominist
651 2417 718 2480 hoc
734 2415 825 2478 enim
844 2425 1038 2487 accusante,
1059 2412 1143 2497 pris-

85 2521 146 2585 tini
176 2522 268 2586 illius
296 2521 348 2586 sui
372 2519 479 2608 judici
508 2517 751 2603 turpitudinem
781 2515 993 2598 desperabat.
1050 2511 1143 2576 Ecce

85 2621 145 2686 tibi
164 2623 298 2695 consul,
316 2632 464 2707 praetor,
483 2615 763 2700 tribunusplebis
787 2635 876 2677 nova
902 2613 980 2678 novi
1006 2611 1143 2699 generis

87 2723 199 2788 edicta
225 2733 438 2808 proponunt:
470 2715 531 2784 Ne
547 2739 627 2781 reus
643 2716 747 2789 adsit,
766 2735 809 2776 ne
824 2715 962 2787 citetur,
981 2733 1023 2775 ne
1040 2732 1144 2796 quae·

87 2833 206 2899 ratur,
238 2845 282 2886 ne
313 2829 516 2884 mentionem
550 2818 685 2881 onznr'no
714 2817 874 2900 cuiquam
894 2814 1057 2900 judicum
1081 2818 1144 2874 aut
1161 2823 1193 2879 ²5

86 2923 306 3008 judiciorum
325 2922 457 3008 facere
488 2919 601 2982 liceat.
653 2914 748 3001 Qud
781 2926 900 3002 ageret
931 2913 981 2976 vir·
1010 2912 1052 2976 ad
1077 2910 1143 2974 vir·

88 3033 207 3098 tutem,
242 3023 456 3110 dignitatem,
491 3017 635 3106 gloriam
677 3029 789 3090 natus,
827 3014 859 3077 vi
899 3013 1142 3078 sceleratorum

91 3123 266 3188 hominurn
306 3121 544 3193 conroborata,
574 3116 709 3204 legibus
741 3115 947 3203 judiciisque
979 3109 1143 3176 sublatis?

90 3222 252 3290 Cervices
279 3223 434 3288 tribunus
460 3219 568 3306 plebis
593 3217 738 3303 privato,
760 3213 1070 3300 praestantissimus
1093 3211 1143 3274 vir

91 3324 366 3413 profligatissimo
395 3320 522 3386 homini
552 3317 669 3382 daret?
709 3337 752 3380 an
781 3335 923 3379 causam
948 3323 1140 3396 susceptam
1160 3319 1194 3372 30

92 3423 290 3513 adfligeret?
312 3445 356 3488 an
374 3445 410 3488 se
427 3419 519 3486 domi
536 3416 745 3484 contineret?
776 3415 820 3479 Et
832 3413 922 3478 vinci
935 3425 1033 3497 turpe
1046 3423 1143 3497 puta·

92 3525 150 3598 vit,
165 3539 197 3590 et
213 3523 387 3598 deterreri,
403 3533 436 3586 et
451 3522 568 3585 latere.
619 3516 766 3582 Perfecit
782 3528 831 3589 ut,
846 3514 1009 3602 quoniam
1027 3512 1089 3578 sibi
1107 3511 1142 3575 in

30 3685 35 3702 ,
91 3621 183 3688 illum
204 3625 339 3711 legibus
363 3623 409 3688 uti
432 3643 500 3686 non
524 3621 652 3692 liceret,
675 3619 766 3683 illius
790 3617 859 3679 vim
885 3635 996 3702 neque
1021 3613 1054 3678 in
1079 3633 1141 3678 suo

93 3743 200 3810 neque
225 3725 259 3788 in
283 3725 330 3788 rei
355 3721 514 3808 publicae
539 3719 691 3805 periculo
716 3717 980 3802 pertimesceret.

134 3839 180 3886 ts.
206 3823 286 3909 Quo
311 3823 413 3887 modo
434 3822 538 3908 igitur
560 3821 625 3882 hoc
647 3819 682 3881 in
705 3838 832 3903 genere
859 3815 1026 3902 [praesidi
1050 3836 1141 3879 com·
1162 3817 1195 3874 35

95 3923 216 4011 parati]
237 3943 379 3988 accusas
401 3920 565 3992 Sestium,
587 3939 664 3982 curn
690 3917 781 3981 idem
807 3917 927 3981 laudes
950 3911 1142 3979 Milonem?
