2668 4262
69 198 89 238 1·
106 187 149 256 3·]
332 189 510 252 Invective
531 189 673 273 against
701 186 864 253 Catilina.
1086 185 1128 270 85
1167 263 1172 271 ·

67 387 192 443 himself
206 389 362 460 remaining
380 389 409 440 in
427 388 475 442 the
494 389 551 458 city
566 396 595 440 to
613 387 701 442 direct
719 387 879 456 operations
898 387 984 442 there.
1022 386 1129 453 Cicero,

65 481 232 547 meantime,
247 479 302 532 had
316 479 453 549 managed
466 487 495 532 to
515 479 586 548 keep
605 479 683 532 track
701 477 733 532 of
748 479 794 532 the
813 478 978 548 conspiracy
990 477 1019 532 in
1037 477 1074 530 all
1092 477 1129 530 its

64 572 173 625 details
185 591 192 636 ;
211 571 275 636 and,
290 570 370 624 when
388 569 506 622 Catiline
524 569 578 621 had
591 569 638 622 the
652 567 801 639 effrontery
813 577 842 622 to
855 585 958 638 appear
970 568 999 620 in
1012 569 1055 622 his
1069 576 1130 622 seat

64 664 94 714 in
110 663 162 716 the
183 665 293 728 Senate,
308 662 342 715 he
365 661 445 714 burst
464 675 539 728 upon
559 659 617 710 him
638 659 702 711 with
722 675 739 711 a
757 658 824 729 fiery
841 660 985 724 invective,
1003 659 1050 713 the
1069 659 1130 712 first

63 753 99 806 of
123 755 174 807 the
198 754 259 806 four
282 753 440 806 “Orations
467 751 577 820 against
597 749 742 804 Catiline.''
781 748 920 820 Probably
939 765 1012 803 none
1031 749 1063 802 of
1083 751 1128 802 his

63 845 209 913 speeches
223 846 247 897 is
261 845 350 898 better
363 845 465 896 known
479 842 546 895 than
560 841 623 906 this,
638 856 671 892 or
683 855 804 911 conveys
818 856 835 894 a
853 840 943 894 better
961 841 1128 910 impression

62 935 98 989 of
114 937 163 990 his
174 953 268 1006 power
280 953 311 990 as
324 953 360 989 an
373 944 473 989 orator.

301 1129 333 1175 1.
362 1109 540 1174 Irruective
567 1109 708 1196 against
737 1105 899 1173 Catilina.

429 1263 463 1312 In
476 1263 523 1312 the
536 1261 647 1324 Senate,
662 1263 735 1312 Nov.
746 1262 771 1313 8.

18 1343 54 1404 Ὺ
156 1387 227 1454 UO
249 1408 359 1473 usque
375 1387 514 1450 tandem
532 1386 685 1461 abutere,
704 1385 868 1462 Catilina,
887 1387 1049 1472 patientia
1065 1409 1128 1453 no-

26 1556 31 1566 ,
203 1487 294 1552 stra?
341 1487 458 1573 Quam
476 1487 534 1552 diu
552 1488 654 1552 etiam
671 1487 763 1552 furor
780 1487 842 1552 iste
866 1499 944 1552 tuus
969 1509 1031 1552 nos
1054 1489 1127 1552 elu-

64 1591 148 1654 det?
200 1589 315 1674 Quem
341 1589 384 1652 ad
407 1589 510 1652 finem
528 1608 603 1652 sese
620 1587 786 1678 effrenata
798 1589 940 1677 jactabit
956 1587 1126 1653 audacia?

64 1689 216 1756 Nihilne
244 1704 276 1754 te
304 1701 507 1754 nocturnum
534 1689 742 1772 praesidium
767 1689 890 1765 Palati,
918 1690 1003 1753 nihil
1032 1690 1132 1779 urbis

63 1793 225 1880 vigiliae,
251 1790 335 1854 nihil
360 1791 460 1853 timor
484 1789 614 1874 populi,
637 1789 723 1852 nihil
747 1810 933 1855 concursus
958 1777 1135 1856 bonorum·
1160 1825 1173 1876 5

64 1893 238 1964 omnium,
257 1890 342 1954 nihil
361 1889 416 1952 hic
434 1889 679 1952 munitissimus
697 1890 845 1954 habendi
858 1904 997 1956 senatus
1014 1891 1123 1966 locuS,

66 1993 155 2056 nihil
191 1993 311 2056 horum
343 2009 404 2053 ora
436 1989 614 2074 voltusque
649 1988 848 2053 moverunt?
909 1989 1031 2056 Patere
1066 2003 1126 2058 tua

66 2091 214 2157 consilia
242 2112 310 2155 non
334 2089 438 2153 sentis
448 2088 468 2150 ?'
493 2088 710 2152 constrictam
732 2088 804 2178 jam
832 2091 950 2154 horum
971 2093 1125 2157 omnium

65 2193 212 2256 scientia
233 2189 339 2254 teneri
361 2188 631 2276 conjurationem
652 2200 744 2251 tuam
769 2211 837 2253 non
863 2190 981 2256 vides?
1029 2191 1125 2276 Quid

34 2303 36 2306 ’
66 2293 242 2375 proxima,
261 2290 343 2376 quid
360 2289 535 2372 superiore
554 2300 651 2353 nocte
677 2289 802 2376 egeris,
821 2291 877 2354 ubi
904 2292 1019 2366 fueris
1038 2315 1124 2379 quos
1143 2321 1172 2358 ro

65 2391 327 2464 convocaveris,
342 2390 425 2474 quid
443 2388 561 2452 consili
580 2389 725 2474 ceperis,
740 2411 841 2476 quem
855 2405 1007 2457 nostrum
1025 2393 1125 2480 igno·

66 2514 144 2558 rare
164 2489 359 2556 arbitraris?

110 2607 141 2654 2.
166 2592 198 2658 Ο
223 2587 397 2674 tempora!
430 2588 462 2654 O
487 2587 619 2654 mores!
667 2588 815 2654 Senatus
836 2592 923 2656 haec
942 2592 1121 2680 intellegit,

67 2695 187 2758 consul
217 2691 329 2755 videt:
371 2690 427 2753 hic
455 2701 569 2752 tamen
600 2689 695 2754 vivit.
756 2690 871 2755 Vivit?
910 2693 1014 2757 immo
1042 2715 1124 2758 vero

66 2795 171 2856 etiam
200 2793 235 2855 in
265 2799 419 2854 senatum
447 2789 550 2862 venit,
575 2789 612 2853 fit
637 2790 763 2874 publici
789 2791 909 2855 consili
937 2791 1120 2878 particeps,
1141 2821 1170 2873 ¹5

4 2947 11 2956 .
66 2907 162 2959 notat
186 2904 220 2958 et
248 2891 406 2976 designat
434 2889 541 2954 oculis
570 2891 614 2955 ad
642 2891 783 2955 caedem
814 2911 919 2954 unum
951 2913 1123 2978 quemque

67 3007 233 3059 nostrum.
284 2990 358 3054 Nos
383 3002 509 3060 autem,
529 2989 632 3054 fortes
649 2991 725 3064 viri,
744 2991 825 3055 satis
842 2991 955 3055 facere
972 2992 1019 3056 rei
1037 2994 1123 3077 pub·

67 3094 155 3158 licae
177 3093 344 3164 videmur,
363 3090 391 3153 si
412 3089 507 3153 istius
528 3090 675 3154 furorem
702 3111 743 3154 ac
767 3092 834 3155 tela
859 3092 1015 3156 vitemus.
1064 3091 1122 3158 Ad

68 3207 211 3258 mortem
236 3205 280 3265 te,
305 3189 467 3264 Catilina,
493 3190 573 3254 duci
594 3190 692 3278 jussu
716 3191 867 3255 consulis
890 3191 963 3278 jam
989 3192 1121 3276 pridem

68 3294 263 3378 oportebat3
293 3291 328 3355 in
346 3304 377 3355 te
395 3289 540 3355 conferri
558 3304 686 3374 pestem
704 3311 806 3376 quam
832 3304 866 3355 tu
891 3291 926 3354 in
951 3313 1012 3356 nos
1034 3291 1121 3380 fiam
1138 3323 1169 3357 20

69 3393 144 3482 diu]
167 3387 386 3457 machinaris.
435 3405 463 3452 3.
487 3389 544 3454 An
562 3411 642 3454 vero
659 3390 711 3452 vir
726 3391 970 3474 amplissimus,
989 3392 1029 3456 Ρ.
1046 3392 1122 3457 Sci·
1163 3385 1192 3439 ,s
1227 3381 1229 3394 ¹
1272 3411 1277 3425 ¹

71 3493 136 3576 pio,
172 3493 323 3580 pontifex
366 3492 549 3562 maximus,
582 3489 639 3553 Ti.
674 3489 870 3554 Gracchum
906 3492 1122 3557 mediocriter

71 3594 331 3659 labefactantem
355 3604 478 3656 statum
501 3589 555 3654 rei
575 3590 732 3674 publicae
757 3589 907 3674 privatus
932 3592 1119 3658 interfecit:

72 3692 267 3767 Catilinam,
286 3693 402 3757 orbem
421 3703 531 3755 terrae
551 3691 658 3754 caede
679 3702 779 3776 atque
799 3691 965 3756 incendiis
986 3706 1120 3759 vastare

72 3797 275 3879 cupientem,
293 3815 356 3856 nos
374 3791 531 3856 consules
550 3789 783 3874 perferemus?
830 3790 922 3854 Nam
941 3791 998 3854 illa
1019 3791 1119 3858 nimis
1138 3823 1168 3874 ²5

73 3893 210 3983 antiqua
227 3904 416 3980 praetere0,
435 3891 527 3977 quod
549 3889 591 3955 C.
612 3889 778 3955 Servilius
798 3891 914 3956 Ahala
938 3891 1001 3977 Sp.
1022 3892 1115 3958 Mae·
