2714 4266
115 217 193 260 xciv.
215 204 284 275 129.]
357 205 491 292 Illegal
512 204 595 270 Sala
619 207 666 292 (ff
683 207 738 270 tlte
761 207 914 272 Estotes.
1123 220 1162 290 15

113 409 240 495 scripti
257 415 388 471 sunt—
399 429 467 493 quo
489 407 523 470 in
544 429 686 472 numero
703 407 787 472 Sex.
808 407 957 472 Roscius
974 429 1043 471 non
1061 418 1165 472 est-

114 517 176 572 aut
192 529 309 570 eorum
328 509 440 592 quiin
457 508 742 571 adversariorum
755 509 945 593 praesidiis
963 511 1063 572 occisi
1075 517 1163 572 sunt.

114 607 206 672 Dum
227 607 399 692 praesidia
421 607 491 669 ulla
508 607 656 681 suerunt,
675 608 707 670 in
734 607 853 671 Sullae
879 611 1058 692 praesidiis
1083 609 1162 682 suit;

114 720 232 793 postea
265 727 367 792 quam
400 707 444 770 ab
469 707 573 770 armis
596 729 769 771 recessum
795 722 857 781 est,
880 709 914 772 in
940 732 1073 774 summo
1098 709 1165 774 otio

114 807 250 872 rediens
267 827 386 870 acena
404 806 539 870 Rornae
552 807 686 872 occisus
703 821 765 872 est.
815 807 853 873 Si
871 811 961 898 lege,
976 813 1066 874 bona
1082 831 1165 896 quo·
1195 834 1209 888 5

114 929 181 994 que
214 908 291 993 lege
316 907 452 970 venisse
486 906 613 980 fateor3
647 907 699 972 sin
733 919 846 974 autem
878 922 1022 985 constat,
1048 921 1165 974 contra

113 1007 227 1072 omnis
259 1028 327 1070 nou
360 1006 461 1070 modo
485 1019 618 1071 veteres
651 1008 747 1093 leges
773 1031 891 1074 verum
924 1012 1025 1076 etiam
1058 1031 1165 1076 novas

114 1106 267 1173 occisum
292 1127 381 1180 esse,
408 1108 496 1171 bona
521 1127 589 1192 quo
609 1107 686 1194 jure
711 1122 770 1173 aut
792 1132 859 1196 quo
884 1133 978 1176 more
1010 1123 1068 1176 aut
1098 1130 1166 1199 qua

115 1209 194 1294 lege
217 1205 384 1270 venierint
407 1228 546 1292 quaero.

161 1327 262 1372 xurv.
289 1324 334 1371 ss.
360 1307 398 1370 ln
416 1329 519 1393 quem
538 1308 604 1372 hoc
622 1308 734 1373 dicam
753 1311 902 1396 quaeris
921 1310 1047 1376 Eruci?
1085 1310 1212 1376 Non1o

115 1406 151 1472 in
170 1428 248 1470 eum
265 1428 367 1493 quem
386 1407 435 1470 vis
455 1418 487 1470 et
504 1419 625 1490 putas;
651 1431 730 1473 nam
750 1411 883 1475 Sullam
903 1424 936 1476 et
959 1413 1065 1476 oratio
1090 1432 1167 1475 mea

118 1509 161 1572 ab
178 1506 272 1572 initio
286 1518 319 1571 et
334 1505 443 1591 ipsius
458 1507 585 1572 eximia
599 1509 703 1574 virtus
717 1513 807 1574 ornni
825 1523 976 1596 tempore
994 1513 1166 1599 purgavit.

117 1607 195 1696 Ego
221 1609 308 1672 haec
332 1607 447 1671 omnia
467 1605 736 1695 Chrysogonum
754 1611 874 1676 secisse
888 1613 981 1684 dico,
1001 1626 1037 1676 ut
1053 1634 1169 1675 emen-

117 1712 249 1784 tiretur,
272 1720 309 1772 ut
338 1709 466 1770 malum
495 1708 605 1773 civem
631 1709 795 1774 Roscium
821 1710 925 1775 luisse
950 1713 1107 1798 fingeret,
1133 1723 1169 1776 ut

118 1833 197 1876 eum
223 1809 315 1895 apud
337 1809 551 1874 adversarios
572 1810 720 1874 occisum
746 1831 821 1874 esse
838 1811 976 1885 diceret,
996 1825 1032 1876 ut
1054 1812 1105 1875 lris
1125 1813 1168 1876 de
1183 1839 1212 1890 15

118 1912 220 1976 rebus
246 1931 265 1974 a
290 1909 414 1997 legatis
432 1907 677 1974 Amerinorum
702 1910 815 1974 doceri
834 1909 876 1974 L.
897 1910 1030 1975 Sullam
1049 1933 1169 1997 passus

117 2011 262 2077 nonsit.
315 2009 474 2096 Denique
499 2011 598 2074 etiarn
625 2010 709 2074 illud
734 2011 900 2095 suspicor,
919 2013 1058 2076 omnino
1084 2014 1170 2094 haec

116 2115 210 2178 bona
227 2134 295 2176 non
312 2111 470 2176 venisse:
496 2111 529 2176 id
547 2111 638 2198 quod
655 2123 786 2196 postea,
806 2111 832 2176 si
851 2133 911 2196 per
928 2133 999 2186 νοε,
1020 2112 1167 2200 judiceS,

117 2213 249 2278 licitum
267 2211 342 2286 erit,
363 2212 543 2297 aperietur.

127 2379 128 2384 ,
164 2329 210 2376 39.
235 2312 369 2398 Opinor
393 2313 484 2377 enim
510 2332 585 2376 esse
609 2311 643 2374 in
668 2312 759 2398 lege,
781 2333 883 2398 quam
910 2313 952 2376 ad
977 2312 1067 2377 diem
1093 2334 1213 2397 pro-20

119 2414 321 2499 scriptiones
338 2412 619 2497 venditionesque
637 2412 739 2474 fiant:
769 2411 964 2500 [nimirum]
988 2411 1171 2476 Kalendas

124 2513 268 2603 Jum'as.
318 2511 461 2600 Aliquot
485 2523 561 2598 post
585 2512 711 2576 mensis
737 2525 769 2576 et
789 2513 890 2577 homo
908 2513 1040 2576 occisus
1057 2525 1119 2587 est,
1139 2524 1171 2576 et

118 2617 212 2681 bona
239 2615 376 2680 venisse
405 2614 576 2678 dicuntur.
628 2611 785 2676 Profecto
814 2625 870 2675 aut
899 2613 984 2676 haec
1013 2615 1103 2677 bona
1135 2613 1169 2676 in

119 2716 256 2782 tabulas
280 2715 436 2801 publicas
458 2714 552 2777 nulla
574 2712 760 2786 redierunt,
780 2733 908 2797 nosque
927 2713 969 2776 ab
986 2712 1048 2776 isto
1066 2713 1171 2776 nebu·

119 2818 200 2884 lone
224 2817 367 2882 facetius
393 2815 563 2881 eludimur
587 2835 691 2900 quam
713 2825 892 2896 putamus;
926 2826 994 2883 aut,
1015 2813 1041 2876 si
1063 2812 1171 2876 redie-
1185 2835 1215 2888 25

120 2929 212 2993 runt,
230 2919 368 2983 tabulae
389 2918 547 3002 publicae
573 2925 755 2999 corruptae
780 2913 894 2998 aliqua
919 2912 1048 2977 ratione
1073 2925 1169 2976 sunt:

122 3041 204 3084 narn
232 3019 311 3106 lege
336 3019 473 3106 quidem
499 3019 590 3083 bona
617 3014 734 3079 venire
759 3034 827 3076 non
852 3013 1001 3097 potuisse
1026 3024 1169 3077 constat.

122 3119 292 3208 Intellego
317 3141 371 3184 me
397 3131 474 3184 ante
498 3129 647 3203 tempus
670 3113 819 3203 judiceS,
845 3113 932 3176 haec
959 3113 1113 3186 scrutari,
1140 3122 1173 3178 et

123 3241 229 3306 prope
247 3220 386 3284 modum
404 3240 530 3293 errare,
545 3217 616 3304 qui,
634 3238 710 3282 cum
730 3211 833 3299 capiti
851 3211 933 3276 Sex.
954 3211 1061 3276 Rosci
1078 3213 1173 3276 med·

123 3320 171 3386 eri
186 3321 343 3392 debeam,
359 3318 536 3384 reduviam
550 3339 680 3382 curem.
711 3315 792 3380 Non
807 3313 897 3378 enim
916 3313 1047 3376 laborat
1059 3313 1101 3376 de
1115 3333 1173 3397 pe·
1188 3339 1219 3389 30

124 3421 246 3493 cuniat
280 3441 347 3483 non
373 3419 475 3483 ullius
492 3418 658 3481 rationem
676 3417 728 3480 sui
746 3413 916 3480 commodi
935 3412 1026 3476 ducit
1037 3435 1046 3487 ;
1072 3411 1173 3476 facile

125 3531 313 3606 egestatem
338 3539 434 3582 suam
461 3539 497 3582 se
521 3517 668 3580 laturum
686 3527 792 3600 putat,
813 3515 839 3580 si
858 3516 924 3579 hac
941 3513 1084 3600 indigna
1100 3534 1173 3577 sus·

125 3619 251 3705 pitione
268 3629 302 3682 et
317 3619 395 3682 ficto
412 3617 552 3680 crimine
570 3616 731 3680 liberatus
748 3615 802 3679 sit.

170 3733 217 3780 40.
239 3717 371 3782 Verum
396 3737 524 3802 quaeso
549 3737 568 3779 a
594 3715 701 3788 vobis,
718 3715 865 3800 judices,
890 3726 926 3778 ut
952 3715 1038 3778 haec
1063 3733 1173 3798 pauca

125 3838 214 3904 quae
239 3828 367 3880 restant
389 3816 434 3879 ita
460 3814 618 3889 audiatis,
637 3827 673 3878 ut
697 3815 819 3899 partim
839 3837 892 3878 me
909 3815 1023 3878 dicere
1041 3837 1102 3898 pro
1121 3835 1173 3876 me
1191 3841 1223 3893 3⁵

125 3917 201 4002 ipso
229 3917 366 4002 putetiS,
393 3914 516 4001 partim
544 3936 606 4000 pro
634 3913 719 3979 Sex.
748 3913 889 3978 Roscio.
951 3913 1053 3998 Quae
1082 3913 1172 3977 enim
