2714 4266
78 120 264 208 Lx311·164l
296 121 429 188 Gavius
452 125 482 186 is
506 121 691 211 Scourged
711 109 785 189 arrd
813 122 848 190 T
842 125 999 190 ortured.
1102 141 1145 210 53

77 324 285 410 pulsurum,
311 323 567 412 cruciatumque
596 345 616 388 a
641 345 782 410 corpore
807 325 1031 413 dejecturum,
1058 326 1148 392 arbi-

76 425 256 489 trabatur.
306 422 339 488 Is
364 446 432 488 non
457 426 559 489 modo
577 425 642 490 hoc
660 447 727 489 non
745 425 898 511 perfecit,
918 438 954 490 ut
970 425 1146 513 virgarum

76 523 163 586 vim
187 525 449 609 deprecaretur3
474 525 548 597 sed,
567 545 645 588 cum
667 525 864 610 imploraret
880 525 1030 611 saepius,
1049 547 1146 590 usur-

77 637 257 711 paretque
274 646 399 689 nomen
416 624 575 698 civitatis,
590 645 729 689 crux-
740 646 837 700 crux,
856 625 1147 711 inquam—inse-

77 724 150 788 lici
178 738 211 790 et
238 746 456 800 aerumnoso,
483 725 541 811 qui
570 746 757 811 numquam
780 725 879 789 istam
901 739 1032 812 pestem
1052 725 1146 790 vide·
1179 762 1193 817 5

78 837 157 901 rat,
184 827 460 910 comparabatur.
993 872 995 877 -

136 946 241 990 Lxrn.
268 941 296 986 o.
320 925 353 990 O
377 945 502 989 nomen
527 926 627 989 dulce
644 925 829 992 libertatisl
863 925 896 992 O
908 927 964 1016 jus
982 927 1144 991 eximium

79 1037 230 1092 nostrae
243 1025 408 1091 civitatis!
442 1025 475 1090 O
491 1027 548 1089 lex
566 1023 701 1101 Porcia,
716 1028 880 1114 legesque
898 1025 1144 1111 Semproniae!

81 1126 121 1192 Ο
145 1127 297 1214 graviter
316 1126 521 1202 desiderata,
541 1137 573 1190 et
593 1125 778 1211 aliquando
802 1127 934 1191 reddita
958 1127 1049 1212 plebi
1075 1127 1147 1192 Ro-

81 1249 231 1303 manae,
260 1226 441 1291 tribunicia
470 1224 641 1311 potestas!
691 1225 828 1291 Hucine
859 1229 998 1292 tandem
1030 1222 1145 1291 oinnia
1166 1264 1196 1302 10

81 1328 299 1403 reciderunt,
318 1339 354 1391 ut
370 1326 455 1391 civis
471 1325 665 1402 Romanus,
686 1326 719 1390 in
737 1327 913 1412 provincia
934 1327 1050 1414 populi
1075 1327 1146 1392 Ro-

81 1427 201 1502 mani,
219 1427 253 1491 in
270 1426 398 1513 oppido
412 1425 677 1501 foederatorum,
696 1427 740 1491 ab
757 1449 797 1491 eo
813 1429 871 1514 qui
895 1427 1063 1492 beneficio
1086 1449 1146 1513 po-

82 1528 165 1614 puli
197 1527 349 1592 Romani
380 1526 483 1591 sascis
514 1537 547 1590 et
578 1527 707 1592 securis
736 1528 889 1602 haberet,
911 1528 1083 1614 deligatus
1111 1527 1146 1591 in

82 1628 167 1694 soro
192 1628 300 1716 virgis
325 1625 547 1692 caederetur?
596 1625 713 1712 Quid?
746 1649 824 1692 cum
849 1628 948 1714 ignes
973 1629 1147 1693 ardentes-

84 1751 160 1816 que
184 1729 334 1793 laminae
359 1727 530 1814 ceterique
554 1729 725 1792 cruciatus
750 1729 1031 1804 admovebantur,
1058 1729 1086 1794 si
1115 1740 1146 1794 te
1167 1763 1196 1814 ις

83 1829 185 1895 illius
203 1829 327 1894 acerba
343 1828 536 1913 imploratio
553 1840 586 1892 et
601 1851 669 1894 vox
694 1828 898 1894 miserabilis
922 1851 990 1893 non
1015 1829 1147 1894 inhibe·

84 1932 165 2006 bat,
187 1952 230 1995 ne
255 1929 380 1994 civium
398 1929 537 2016 quidem
555 1929 806 2004 Romanorum,
826 1927 883 2015 qui
900 1941 972 1994 tum
991 1931 1143 2005 aderant,

36 2111 41 2119 Ι
84 2031 176 2096 fletu
204 2042 237 2095 et
264 2030 394 2117 gemitu
423 2029 576 2092 maximo
605 2028 889 2094 commovebare?
941 2029 980 2093 In
1009 2051 1145 2094 crucem

85 2144 126 2197 tu
155 2152 259 2219 agere
277 2151 380 2194 ausus
398 2151 435 2194 es
451 2149 672 2216 quemquam,
691 2129 749 2214 qui
767 2151 804 2194 se
821 2129 930 2194 civem
948 2130 1145 2196 Romanum

87 2255 170 2298 esse
202 2228 352 2297 diceret?
407 2243 435 2290 r.
459 2227 566 2294 Nolui
594 2240 663 2293 tam
692 2231 912 2293 vehementer
944 2252 1049 2318 agere
1081 2231 1195 2297 hoczo

88 2333 205 2419 prima
223 2331 368 2404 actione,
383 2329 538 2418 judices:
563 2328 670 2392 nolui.
719 2327 863 2395 Vidistis
888 2330 992 2406 enim,
1014 2342 1050 2394 ut
1074 2331 1147 2395 ani-

88 2433 139 2498 mi
166 2430 388 2496 multitudinis
412 2427 447 2493 in
470 2429 571 2494 istum
596 2430 713 2495 dolore
738 2441 769 2493 et
793 2429 871 2494 odio
895 2441 928 2493 et
955 2431 1146 2495 communis

88 2532 238 2621 periculi
275 2541 367 2596 metu
404 2530 667 2595 concitarentur.
738 2528 849 2594 Statui
887 2542 1024 2616 egomet
1063 2530 1145 2594 mihi

87 2647 165 2698 tum
195 2631 333 2697 modum
362 2629 504 2695 orationi
534 2651 645 2705 meae,
675 2641 708 2694 et
735 2628 777 2696 C.
808 2629 1015 2706 Numitori0,
1043 2631 1145 2718 equiti

90 2735 270 2805 Roman0,
289 2731 398 2816 primo
416 2729 557 2804 homini,
577 2729 651 2795 testi
670 2751 766 2804 meo;
800 2742 833 2794 et
856 2729 1093 2805 Glabrionem,
1111 2731 1145 2794 id
1163 2763 1193 2814 ²5

90 2834 186 2923 quod
211 2831 461 2918 sapientissime
485 2829 576 2904 fecit,
599 2830 713 2894 facere
737 2832 881 2895 laetatus
912 2853 1001 2905 sum,
1027 2842 1064 2896 ut
1094 2854 1149 2895 re-

91 2947 197 3021 pente
220 2932 401 2998 consilium
426 2931 460 2994 in
486 2930 597 2995 medio
621 2931 813 2996 testimonio
837 2931 1029 2996 dimitteret.
1088 2932 1147 2996 Et·

92 3035 188 3100 enim
203 3033 384 3098 verebatur
399 3051 443 3095 ne
460 3032 607 3116 populus
627 3029 808 3096 Romanus
829 3031 871 3096 ab
896 3031 958 3096 isto
983 3053 1042 3098 eas
1065 3053 1146 3117 poe-

94 3157 159 3201 nas
182 3134 216 3198 vi
240 3133 403 3219 repetisse
428 3131 612 3205 videretur,
636 3153 722 3217 quas
746 3132 873 3196 veritus
897 3144 985 3196 esset
1012 3153 1055 3197 ne
1083 3132 1145 3199 iste

94 3235 232 3322 legibus
249 3253 290 3298 ac
306 3244 418 3296 vestro
430 3231 560 3318 judicio
577 3253 645 3294 non
664 3242 752 3295 esset
768 3231 1012 3316 persoluturus.
1068 3242 1139 3308 χ
1160 3261 1193 3312 30

139 3347 166 3395 s.
190 3333 306 3407 Nunc,
340 3331 503 3423 quoniam
539 3331 753 3415 exploratum
791 3343 840 3396 est
880 3333 1038 3398 omnibus
1078 3355 1146 3421 quo

96 3435 172 3499 loco
189 3454 294 3499 causa
310 3427 367 3496 tua
385 3432 439 3505 sit,
458 3431 588 3516 etquid
605 3432 647 3495 de
664 3442 696 3496 te
714 3429 863 3494 futurum
887 3433 940 3507 sit,
960 3433 1008 3497 sic
1033 3445 1144 3498 tecum

98 3556 222 3622 agam:
252 3532 399 3598 Gavium
415 3532 529 3604 istum,
544 3553 644 3616 quem
664 3531 878 3616 repentinum
896 3535 1144 3616 speculatorem

100 3633 201 3698 luisse
212 3634 310 3708 dicis,
322 3632 500 3699 ostendam
513 3631 547 3694 in
562 3632 744 3695 lautumias
755 3629 937 3716 Syracusis
952 3635 1012 3698 abs
1025 3647 1056 3698 te
1071 3657 1145 3699 esse

100 3736 301 3823 conjectum.
343 3732 466 3820 Neque
484 3732 517 3795 id
535 3732 646 3796 solum
659 3754 702 3794 ex
719 3731 836 3796 litteris
848 3734 1024 3798 ostendam
1040 3735 1145 3820 Syru·
1161 3762 1192 3814 3⁵

100 3856 317 3910 omanorum,
342 3855 384 3900 ne
413 3832 523 3920 possis
551 3832 665 3897 dicere
694 3853 763 3930 me,
786 3832 866 3918 quia
894 3834 936 3898 sit
964 3834 1086 3920 aliquis
1111 3837 1144 3898 in
