2714 4266
96 209 169 249 11111-
191 196 263 269 nb]
410 193 534 264 Verres
557 197 614 263 the
638 197 849 262 Plunderer·
1104 208 1145 284 47

99 399 248 488 judices,
267 421 309 465 ea
325 419 414 486 quae
430 399 498 465 illis
515 399 659 486 pulchra
677 420 752 464 esse
769 397 949 464 videantur
965 397 1148 484 imperato·
1261 477 1288 514 w

93 522 168 564 rem
197 512 350 566 nostrum
374 500 408 563 in
433 501 524 564 bello
548 499 741 586 reliquisse,
767 520 869 585 quam
896 511 1087 584 praetorem
1111 497 1147 580 ia
1345 583 1346 586 Ἴ

92 621 182 685 pace
215 601 408 665 abstulisse.
472 599 527 662 Ex
560 601 662 664 ebore
701 599 961 684 diligentissime
996 597 1146 683 perfecta
1162 538 1346 732 μ

94 713 300 788 argumenta
332 711 428 764 erant
458 699 494 763 in
525 699 655 764 valvis:
696 719 737 762 ea
775 698 985 763 detrahenda
1018 697 1147 762 curavit

92 800 226 872 omnia,
272 817 308 863 11.
333 799 506 888 Gorgonis
534 821 572 863 os
599 798 881 885 pulcherrimum,
910 798 1057 861 cinctum
1087 818 1146 860 an·
1180 795 1338 880 ς*

93 901 235 988 guibuS,
256 901 389 965 revellit
414 911 515 986 atque
539 898 696 962 abstulit:
729 909 762 962 et
785 911 899 963 tamen
924 897 1086 962 indicavit
1110 917 1146 962 se

93 1022 165 1064 non
182 1000 293 1065 solum
311 999 465 1075 artificio,
483 999 544 1064 sed
562 999 663 1062 etiam
686 998 793 1084 pretio
817 1009 1028 1085 quaestuque
1053 997 1144 1063 duci.

92 1099 191 1164 Nam
218 1101 330 1165 bullas
359 1120 482 1164 aureas
509 1119 629 1164 omnes
657 1120 701 1162 ex
725 1097 766 1162 iis
795 1097 915 1172 valvis,
938 1119 1026 1185 quae
1051 1107 1148 1162 erant

93 1201 224 1265 multae
241 1212 273 1265 et
290 1221 426 1288 graves
446 1221 514 1264 non
538 1198 705 1263 dubitavit
728 1197 882 1263 auferre:
915 1219 1060 1284 quarum
1084 1197 1147 1262 iste

93 1323 166 1366 non
197 1321 301 1385 opere
333 1299 579 1373 delectabatur,
613 1297 674 1362 sed
706 1298 869 1383 pondere.
920 1296 1039 1385 ltaque
1074 1297 1147 1385 ejus
1166 1328 1194 1363 10

93 1399 189 1466 modi
214 1400 333 1464 valvas
357 1398 504 1485 reliquit,
521 1410 559 1464 ut
582 1419 670 1486 quae
694 1397 777 1465 olim
794 1397 838 1462 ad
855 1399 1047 1462 ornandum
1064 1409 1149 1462 tem·
1233 1439 1235 1444 -

93 1500 193 1586 plum
209 1511 307 1564 erant
324 1499 487 1573 maxime,
502 1519 595 1563 nunc
607 1509 738 1562 tantum
756 1497 800 1562 ad
817 1497 1024 1562 cludendum
1037 1497 1148 1562 sactae

94 1599 397 1665 essevideantur.
462 1597 622 1662 Etiamne
653 1597 851 1686 gramineas
887 1597 1148 1662 hastas-vidi

94 1699 190 1765 enim
214 1721 276 1764 vos
299 1700 334 1763 in
360 1700 427 1764 hoc
452 1699 603 1772 nomine,
623 1718 701 1762 cum
726 1698 819 1763 testis
839 1697 979 1772 diceret,
998 1719 1149 1778 commo·

93 1799 183 1873 veri,
201 1800 293 1884 quod
310 1811 383 1864 erat
399 1799 473 1887 ejus
490 1798 594 1872 modi,
615 1809 650 1862 ut
666 1799 771 1862 semel
790 1797 915 1862 vidisse
933 1799 1015 1864 satis
1039 1809 1148 1872 esset;
1168 1827 1195 1876 15

95 1899 130 1965 in
146 1899 394 1987 quibusneque
409 1898 652 1963 manufactum
670 1897 854 1984 quicquam
872 1921 984 1984 neque
1001 1898 1150 1983 pulchri-

94 2001 180 2065 tudo
199 2010 273 2064 erat
292 2000 375 2074 ulla,
397 1999 458 2064 sed
482 2010 614 2063 tantum
640 1997 841 2084 magnitudo
866 1997 1087 2071 incredibilis,
1107 1999 1150 2063 de

95 2120 167 2187 qua
186 2100 241 2164 vel
262 2099 380 2166 audire
406 2099 487 2165 satis
512 2111 613 2172 esset,
637 2097 780 2162 nimium
805 2097 921 2163 videre
945 2099 1022 2183 plus
1047 2119 1151 2186 quam

95 2199 372 2264 semel-etiam
398 2199 432 2264 id
456 2197 668 2284 concupisti?

144 2318 233 2363 nvn.
259 2316 301 2363 la.
324 2297 418 2364 Nam
450 2297 607 2384 Sappho,
633 2320 721 2385 quae
754 2299 886 2364 sublata
918 2300 961 2364 de
994 2299 1151 2385 prytanio
1168 2326 1196 2358 :0

96 2411 161 2472 est,
180 2400 239 2464 dat
254 2399 312 2463 tibi
326 2399 454 2487 justam
477 2397 747 2473 excusationem,
768 2403 873 2485 prdpe
898 2411 934 2464 ut
958 2401 1151 2466 conceden-

96 2501 180 2566 dum
215 2512 315 2586 atque
346 2499 596 2586 ignoscendum
630 2520 705 2564 esse
739 2498 903 2563 videatur.
964 2499 1152 2565 Silanionis

96 2621 186 2686 opus
216 2612 286 2664 tam
317 2598 519 2684 perlectum,
548 2611 618 2662 tam
650 2599 805 2686 elegans,
839 2611 908 2664 tam
940 2601 1151 2665 elaboratum

97 2699 281 2787 quisquam
296 2720 363 2762 non
378 2699 479 2764 modo
497 2699 660 2783 privatus,
676 2698 737 2763 sed
754 2699 901 2785 populus
919 2699 1029 2784 potius
1047 2700 1152 2763 habe·

98 2812 151 2866 ret
181 2820 286 2886 quam
318 2800 421 2863 homo
453 2797 729 2886 elegantissimus
763 2810 862 2884 atque
888 2799 1148 2874 eruditissimus,
1167 2827 1197 2876 25

97 2897 251 2965 Verres?
297 2897 470 2962 Nimirum
487 2909 605 2963 contra
622 2897 690 2962 dici
707 2898 792 2962 nihil
816 2910 935 2983 potest.
986 2898 1151 2964 Nostrum

99 2999 192 3065 enim
212 3020 301 3063 unus
321 2997 587 3085 quisque-qui
608 3008 677 3062 tam
697 2998 787 3062 beati
808 3019 911 3084 quam
933 2998 994 3062 iste
1015 3009 1151 3064 estnon

101 3121 232 3172 sumuS,
247 3110 316 3163 tam
330 3097 465 3163 delicati
480 3119 555 3161 esse
569 3119 636 3162 non
651 3119 833 3182 possumus
844 3135 887 3144 -
898 3105 926 3161 si
940 3099 1077 3185 quando
1090 3099 1152 3163 alio

11 3249 12 3252 ,
101 3198 184 3286 quid
201 3197 296 3263 istius
314 3198 404 3262 modi
422 3197 539 3261 videre
555 3197 658 3270 volet,
678 3207 732 3260 eat
749 3198 792 3261 ad
810 3189 930 3262 aedem
949 3197 1150 3274 Felicitatis,

102 3300 146 3363 ad
179 3308 436 3363 monumentum
469 3295 597 3370 Catuli,
631 3297 666 3359 in
699 3295 865 3380 porticum
898 3296 1052 3372 Metelli3
1096 3299 1152 3364 det
1167 3329 1197 3374 30

102 3420 242 3484 operam
259 3411 295 3463 ut
312 3397 507 3462 admittatur
523 3397 558 3460 in
575 3396 719 3484 alicujus
735 3396 876 3460 istorum
892 3397 1150 3471 Tusculanum

103 3509 231 3584 spectet
250 3498 359 3563 forum
383 3508 554 3570 ornatum,
572 3497 601 3560 si
626 3495 707 3582 quid
732 3495 794 3560 iste
819 3518 958 3561 suorum
984 3498 1151 3562 aedilibus

104 3598 347 3663 commodarit:
379 3594 506 3660 Verres
524 3598 611 3659 haec
632 3597 756 3660 babeat
776 3596 883 3669 domi,
902 3595 1028 3662 Verres
1052 3618 1152 3661 orna-

104 3708 292 3762 mentorum
306 3696 463 3760 fanorum
478 3708 578 3782 atque
589 3695 793 3780 oppidorum
807 3697 932 3761 babeat
943 3697 1080 3781 plenam
1093 3698 1153 3761 do-

104 3820 209 3873 mum,
221 3797 322 3861 villas
335 3794 498 3860 refertas?
533 3795 691 3859 Etiamne
705 3795 806 3883 hujus
819 3796 951 3880 operari
982 3797 1093 3861 studia
1111 3817 1152 3862 ac
1169 3823 1200 3874 35

104 3897 256 3974 delicias,
274 3897 420 3985 judices,
438 3894 637 3984 perferetis?
668 3895 726 3972 qui
750 3895 797 3962 ita
820 3908 933 3972 natus,
957 3896 1003 3961 ita
1027 3896 1153 3964 educa·
