2716 4266
108 202 169 241 vm.
186 188 242 259 ²2·]
355 188 425 257 Tae
447 189 541 256 Part
569 190 690 257 Cicero
713 191 776 257 has
798 192 913 256 taken.
1094 212 1158 283 243

105 391 245 456 tandem
266 390 349 455 mihi
366 403 455 456 esset
471 391 640 476 optatius?
687 391 766 480 Ego
782 392 872 457 enirn
900 393 999 458 malis
1024 407 1161 461 senten-

106 491 161 556 tiis
179 491 268 555 vinci
286 513 353 556 non
371 512 523 576 possum,
538 492 636 556 bonis
650 492 791 557 forsitan
809 493 935 579 possim
953 507 986 558 et
1003 495 1157 562 libenter.

104 609 148 656 19.
177 591 274 656 Haec
302 592 466 676 populum
492 591 691 655 Romanum
716 593 845 668 videre,
872 593 1158 670 animadvertere,

111 693 269 783 judicare
297 693 436 778 quidam
467 693 608 756 moleste
637 692 760 758 ferunt.
810 692 992 760 Poteratne
1021 696 1094 760 fieri
1125 707 1161 760 ut

105 815 177 860 non
194 793 336 878 proinde
354 792 510 857 homines
526 793 568 856 de
580 813 729 879 quoque,
746 805 782 858 ut
798 795 942 881 quisque
960 809 1158 872 mereretur,
1181 813 1195 870 5

111 891 328 984 judicarent?
390 892 438 957 Ut
469 893 561 957 enim
593 894 636 958 de
669 893 829 960 universo
861 908 982 961 senatu
1015 897 1161 982 populus

105 997 290 1060 Romanus
312 993 491 1058 verissime
511 992 655 1080 judicat,
682 994 785 1060 nullis
814 995 862 1060 rei
891 996 1049 1081 publicae
1077 1009 1162 1061 tem·

105 1096 248 1182 poribus
273 1095 365 1158 hunc
387 1093 542 1158 ordinem
568 1093 752 1160 firmiorem
774 1107 832 1160 aut
850 1095 1021 1161 fortiorem
1041 1097 1160 1172 fuisse,

105 1196 158 1261 sic
182 1196 225 1260 de
249 1213 474 1279 unoquoque
501 1204 651 1257 nostrum
679 1206 712 1259 et
737 1195 900 1270 maxime,
918 1196 976 1281 qui
997 1197 1062 1262 hoc
1086 1197 1163 1262 loco

106 1296 294 1362 sententias
322 1294 482 1368 dicimus,
509 1293 724 1359 sciscitantur
756 1317 889 1369 omnes,
916 1309 1016 1360 avent
1044 1297 1162 1362 audire
1185 1325 1217 1365 10

106 1397 191 1483 quid
217 1395 360 1482 quisque
389 1394 552 1458 senserit:
593 1393 639 1458 ita
668 1394 712 1460 de
743 1416 891 1483 quoque,
925 1407 961 1459 ut
992 1417 1163 1483 quemque

109 1497 266 1560 meritum
288 1494 504 1568 arbitrantur,
524 1494 732 1559 existimant.
783 1494 953 1559 Memoria
974 1506 1090 1560 tenent
1109 1517 1163 1560 me

108 1609 189 1660 ante
215 1596 306 1659 diem
333 1613 411 1658 xm.
433 1593 614 1660 Kalendas
639 1593 823 1680 Januarias
853 1595 1041 1680 principem
1067 1617 1164 1660 revo-

108 1696 243 1762 candae
267 1694 431 1759 libertatis
448 1693 573 1758 fuisse:
603 1715 657 1759 me
675 1717 719 1759 ex
736 1693 907 1760 Kalendis
926 1693 1099 1780 Januariis
1119 1695 1164 1762 ad

109 1799 202 1861 hanc
227 1797 346 1860 horam
371 1793 571 1880 invigilasse
596 1795 644 1859 rei
663 1795 843 1880 publicae:
889 1813 939 1860 ao.
965 1815 1075 1859 meam
1105 1796 1165 1860 do·
1186 1829 1217 1889 15

109 1917 205 1960 mum
224 1915 385 1982 measque
403 1893 495 1958 auris
512 1894 585 1959 dies
603 1896 779 1981 noctisque
796 1896 948 1960 omnium
973 1896 1164 1980 praeceptis

109 1995 315 2082 monitisque
343 1994 516 2080 patuisse:
548 1995 634 2058 meis
659 1995 789 2070 litteris,
810 1996 895 2060 meis
919 1995 1057 2076 nuntiis,
1077 1996 1164 2061 meis

109 2083 401 2162 coliortationibus
433 2093 544 2159 omnis
577 2094 634 2181 qui
663 2094 789 2182 ubique
821 2108 935 2160 essent
958 2096 1001 2161 ad
1033 2095 1164 2180 patriae

108 2196 319 2284 praesidium
344 2195 531 2260 excitatos:
558 2194 644 2259 meis
661 2195 835 2260 sententiis
853 2216 872 2259 a
890 2194 1061 2261 Kalendis
1080 2195 1165 2282 Jan-

109 2297 216 2363 uariis
232 2317 420 2382 numquam
447 2295 579 2382 legatos
604 2295 647 2358 ad
665 2293 873 2360 Antonium:
906 2317 1042 2381 semper
1066 2295 1162 2360 illum
1184 2328 1219 2368 20

110 2399 258 2470 hostem,
276 2415 412 2481 semper
429 2396 494 2460 hoc
511 2395 653 2468 bellum,
671 2407 707 2459 ut
724 2417 803 2482 ego,
822 2395 879 2482 qui
896 2396 989 2461 omni
1010 2407 1163 2481 tempore

108 2519 213 2564 verae
238 2497 333 2583 pacis
357 2507 476 2562 auctor
492 2494 647 2569 fuissem,
667 2495 746 2559 huic
771 2516 882 2560 essem
907 2495 1036 2561 nomini
1061 2495 1165 2580 pesti-

108 2599 205 2664 serae
222 2598 316 2684 pacis
333 2597 512 2662 inimicus:
540 2612 583 2660 21.
606 2595 696 2660 idem
715 2594 754 2659 Ρ.
773 2595 986 2671 Ventidium,
1005 2616 1084 2660 cum
1105 2595 1162 2660 alii

108 2711 152 2765 tr.
173 2685 216 2784 pl.
236 2705 253 2782 †
271 2699 488 2770 volusenum,
507 2718 574 2785 ego
591 2717 728 2781 semper
744 2695 886 2760 hostem.
936 2694 1010 2760 Has
1026 2695 1061 2758 in
1085 2717 1163 2760 sen·

108 2800 233 2865 tentias
258 2819 352 2863 meas
377 2797 404 2863 si
429 2799 588 2863 consules
614 2795 858 2861 discessionem
890 2794 1005 2860 facere
1034 2795 1162 2860 voluis·
1183 2817 1216 2874 ²5

109 2911 199 2975 sent,
219 2900 377 2966 omnibus
397 2897 467 2962 istis
492 2897 678 2962 latronibus
703 2894 900 2960 auctoritate
923 2894 999 2980 ipsa
1022 2905 1160 2960 senatus

114 3001 188 3089 jam
213 3001 346 3087 pridem
371 3000 413 3064 de
438 2998 596 3062 manibus
622 3017 718 3061 arma
743 2995 956 3061 cecidissent.

154 3120 234 3165 v111.
261 3100 333 3166 Sed
357 3099 448 3186 quod
472 3109 543 3162 tum
561 3118 629 3162 non
647 3097 753 3171 licuit,
773 3107 888 3181 patres
911 3095 1106 3181 conscripti,
1124 3095 1160 3160 id

109 3202 177 3266 hoc
192 3213 344 3287 tempore
361 3221 430 3264 non
447 3199 558 3264 solum
575 3197 666 3273 licet,
681 3217 800 3262 verum
818 3196 920 3260 etiam
937 3215 1079 3260 necesse
1095 3206 1158 3269 est,

107 3323 229 3367 -eos
254 3302 311 3388 qui
340 3322 377 3365 re
405 3310 483 3366 sunt
510 3299 624 3362 hostes
656 3297 787 3384 [verbis
819 3295 963 3380 notari],
986 3293 1160 3360 sententiis
1181 3313 1216 3366 30

108 3401 232 3467 nostris
249 3399 354 3466 hostis
367 3398 523 3488 judicari.
569 3413 617 3461 22.
649 3395 762 3463 Antea
779 3418 857 3462 cum
876 3396 1007 3460 hostem
1025 3414 1065 3460 ac
1089 3395 1160 3459 bel·

108 3503 180 3567 lum
206 3501 451 3572 nominassem,
470 3498 576 3562 semel
601 3508 634 3563 et
657 3497 795 3582 saepius
820 3494 1021 3561 sententiam
1048 3514 1160 3558 meam

109 3604 152 3668 de
185 3621 328 3665 numero
361 3598 604 3664 sententiarum
641 3598 869 3662 sustulerunt:
902 3596 994 3682 quod
1027 3595 1062 3658 in
1095 3596 1160 3658 hac

108 3722 214 3766 causa
228 3701 299 3787 jam
318 3699 389 3763 fieri
407 3719 475 3763 non
493 3709 612 3782 potest.
647 3695 702 3760 Ex
719 3695 836 3760 litteris
852 3696 943 3760 enim
961 3695 1004 3761 C.
1024 3695 1160 3760 Pansae

108 3800 155 3865 A.
191 3799 293 3864 Hirtii
324 3797 517 3870 consulum,
551 3795 595 3862 C.
629 3794 792 3861 Caesaris
824 3817 885 3881 pro
918 3807 1086 3880 praetore,
1117 3795 1161 3859 de
1180 3806 1213 3862 35

109 3902 239 3967 honore
263 3899 316 3964 dis
339 3897 587 3962 immortalibus
611 3895 770 3960 habendo
795 3895 980 3960 sententias
1003 3895 1160 3960 dicimus.
