2668 4262
108 232 151 273 111·
167 219 206 292 6.]
370 221 442 289 His
470 220 702 311 Companrbns
725 228 761 289 in
791 224 901 290 Guzlt.
1118 249 1162 318 99

105 445 211 510 quam
239 424 363 490 multos
390 423 448 512 qui
476 424 577 489 etiarn
606 424 851 491 defenderent?
888 425 1009 514 [quam
1039 431 1163 496 multos

106 523 164 609 qui
190 537 327 610 propter
350 525 600 610 improbitatem
625 525 819 614 faverent?]
869 526 924 592 Ac
949 529 977 592 si
1001 529 1060 594 illo
1084 532 1164 595 sub·

103 625 175 689 lato
199 625 325 710 depelli
350 645 369 688 a
394 625 490 691 vobis
517 646 620 690 omne
647 625 837 710 periculum
862 627 1066 715 judicarem,
1089 631 1162 720 jam

103 724 239 808 pridem
267 746 334 812 ego
362 723 406 789 L.
437 724 623 790 Catilinam
651 747 721 791 non
750 728 852 792 modo
876 729 1025 794 invidiae
1050 751 1160 806 meae,

104 825 349 890 verumetiam
374 825 464 889 vitae
488 826 641 911 periculo
665 811 963 916 sustulissemst-
988 829 1059 896 Sed
1083 852 1162 894 cum
1196 857 1211 912 ⁵

103 925 272 1006 viderem,
293 947 337 991 ne
370 926 467 992 vobis
502 927 642 1013 quidem
682 929 841 995 omnibus
882 951 918 996 re
954 931 1056 996 etiam
1090 942 1161 996 tum

102 1028 261 1112 probata,
287 1027 316 1092 si
343 1027 454 1103 illum,
476 1039 513 1093 ut
540 1040 613 1094 erat
640 1029 792 1105 merituS,
816 1042 923 1096 morte
948 1032 1160 1106 multassem,

102 1127 179 1192 sore
196 1139 232 1192 ut
248 1128 320 1216 ejus
337 1129 448 1193 socios
464 1128 593 1193 invidia
609 1151 794 1216 oppressus
812 1131 970 1218 persequi
991 1153 1060 1196 non
1084 1152 1162 1216 pos·

103 1249 193 1303 sem,
212 1248 285 1292 rem
309 1229 377 1293 huc
393 1230 534 1306 deduxi,
553 1241 590 1295 ut
606 1241 677 1295 tum
695 1232 811 1316 palam
830 1252 985 1319 pugnare
1003 1231 1159 1316 possetiS,

104 1349 185 1392 cum
203 1329 335 1393 hostem
353 1342 468 1416 aperte
485 1330 657 1396 videretis.
709 1329 824 1416 Quem
842 1332 980 1416 quidem
997 1352 1063 1418 ego
1083 1333 1162 1396 hos·
1179 1358 1211 1396 ro

103 1440 176 1493 tem
203 1451 306 1515 quam
338 1433 559 1496 vehementer
590 1431 671 1496 foris
702 1453 778 1496 esse
809 1432 997 1496 timendum
1030 1444 1159 1517 putem,

104 1529 186 1594 licet
210 1531 291 1595 hinc
314 1529 532 1619 intellegatis
556 1533 646 1618 quod
672 1531 773 1596 etiarn
799 1533 939 1596 moleste
963 1531 1048 1606 fero,
1070 1532 1162 1618 quod

106 1652 152 1695 ex
168 1631 252 1696 urbe
275 1652 396 1716 parum
420 1633 598 1697 comitatus
623 1631 755 1696 exierit.
804 1631 945 1697 Utinam
969 1632 1027 1698 ille
1050 1632 1161 1696 omnis

106 1751 224 1796 secum
242 1753 322 1796 suas
338 1733 455 1818 copias
472 1731 667 1797 eduxisset!
714 1730 916 1819 Tongilium
935 1731 1017 1795 mihi
1031 1731 1159 1806 eduxit,

108 1853 210 1917 quem
231 1853 346 1897 amare
366 1832 402 1897 in
426 1843 602 1918 praetexta
626 1843 798 1917 coeperat,
819 1831 1012 1896 Publicium
1037 1843 1071 1897 et
1094 1830 1162 1895 Mi·
1177 1856 1208 1910 ¹5

106 1933 260 2010 nucium,
274 1954 419 2019 quorum
432 1954 491 1999 aes
505 1933 654 1998 alienum
668 1943 877 1997 contractum
891 1932 926 1996 in
943 1932 1070 2017 popina
1087 1933 1164 1996 nul·

106 2035 178 2097 lum
195 2033 243 2097 rei
261 2034 419 2119 publicae
436 2045 564 2098 motum
582 2034 716 2098 adlerre
732 2043 885 2118 poterat:
917 2032 1053 2118 reliquit
1076 2053 1162 2119 quos

105 2133 218 2199 viros!
250 2145 377 2220 quanto
398 2155 475 2199 aere
496 2132 629 2199 alieno!
662 2154 765 2219 quam
782 2131 948 2198 valentisl
981 2153 1085 2218 quam
1102 2154 1162 2197 no-

104 2233 205 2298 bilisl
252 2253 304 2298 111.
330 2248 357 2295 5.
381 2233 500 2319 Itaque
522 2253 589 2320 ego
612 2233 709 2296 illurn
733 2233 921 2298 exercitum
946 2253 1029 2317 prae
1054 2231 1161 2297 Galli-

106 2333 203 2400 canis
219 2333 426 2422 legionibus,
446 2345 479 2399 et
497 2333 563 2398 hoc
587 2332 714 2398 dilectu
737 2353 840 2418 quern
863 2334 898 2396 in
923 2353 1009 2420 agro
1034 2332 1206 2398 Picen020

106 2445 140 2500 et
166 2431 303 2499 Gallico
332 2432 385 2516 Q.
406 2433 568 2498 Metellus
597 2433 727 2507 habuit,
751 2444 785 2497 et
811 2432 864 2496 his
889 2432 996 2518 copiis
1024 2453 1113 2519 quae
1141 2453 1162 2497 a

105 2534 205 2600 nobis
232 2534 355 2599 cotidie
384 2545 639 2618 comparantur,
669 2553 797 2619 magno
828 2553 932 2616 opere
964 2543 1159 2610 contemno,

105 2636 298 2700 conlectum
316 2655 359 2698 ex
376 2633 513 2698 senibus
529 2632 730 2716 desperatis,
746 2653 790 2695 ex
806 2633 933 2719 agresti
949 2633 1097 2708 luxuria,
1117 2654 1161 2698 ex

104 2735 240 2800 rusticis
268 2733 516 2808 decoctoribus,
543 2755 587 2796 ex
615 2732 664 2796 eis
691 2732 749 2817 qui
776 2731 974 2796 vadimonia
1001 2733 1159 2798 deserere

104 2857 209 2924 quam
222 2835 317 2899 illum
331 2833 518 2898 exercitum
532 2833 745 2896 maluerunt:
762 2832 886 2918 quibus
899 2853 965 2919 ego
978 2854 1046 2897 non
1058 2836 1160 2900 modo
1172 2858 1203 2908 ²5

104 2937 134 3002 si
151 2937 261 3001 aciem
278 2934 448 3000 exercitus
463 2932 581 3007 nostri,
595 2953 714 2996 verum
732 2931 834 2995 etiam
851 2931 880 2996 si
896 2932 1044 2996 edictum
1062 2955 1160 3018 prae·

103 3037 185 3103 toris
209 3037 402 3110 ostendero,
428 3033 619 3098 concident.
670 3032 757 3107 Hos,
783 3053 869 3118 quos
893 3032 993 3097 video
1016 3034 1159 3099 volitare

104 3138 139 3202 in
164 3139 250 3213 foro,
267 3158 354 3222 quos
378 3145 467 3200 stare
491 3134 536 3198 ad
559 3131 703 3207 curiam,
721 3153 806 3218 quos
826 3132 928 3196 etiam
951 3133 985 3196 in
1002 3146 1158 3199 senatum

104 3237 234 3313 venire,
252 3236 310 3324 qui
327 3235 434 3300 nitent
449 3232 647 3321 unguentis,
665 3231 724 3318 qui
740 3231 874 3319 fulgent
889 3253 1053 3318 purpura,
1073 3235 1158 3298 mal-

103 3340 171 3404 lem
200 3358 318 3404 secum
346 3335 470 3400 milites
497 3334 691 3399 eduxisset:
722 3331 782 3418 qui
809 3331 837 3396 si
861 3331 918 3395 hic
941 3346 1154 3416 permanent,
1171 3359 1202 3407 so

104 3447 309 3504 mementote
325 3457 393 3501 non
410 3447 479 3498 tam
499 3432 685 3498 exercitum
710 3431 806 3496 illum
829 3451 906 3496 esse
931 3433 1028 3497 nobis
1052 3455 1156 3520 quarn

105 3540 179 3613 hos,
197 3537 256 3625 qui
278 3535 465 3601 exercitum
489 3535 724 3607 deseruerunt,
744 3531 1045 3616 pertimescendos.
1094 3533 1156 3598 At·

103 3659 170 3725 que
187 3639 253 3703 hoc
269 3637 370 3701 etiam
387 3647 465 3699 sunt
480 3632 620 3698 timendi
639 3633 763 3719 magis,
778 3633 869 3719 quod
886 3634 1048 3720 quicquid
1062 3635 1157 3722 cogi·

103 3750 175 3804 tant
206 3759 261 3802 me
292 3736 379 3801 scire
411 3735 570 3808 sentiunt,
605 3753 715 3819 neque
749 3744 865 3798 tamen
900 3745 1152 3818 permoventur.

102 3853 131 3900 o.
145 3837 258 3903 Video
274 3836 329 3901 cui
346 3835 389 3900 sit
399 3833 528 3920 Apulia
545 3833 715 3907 attributa,
733 3833 810 3919 quis
826 3833 952 3897 habeat
967 3833 1151 3909 Etruriam,
1168 3859 1200 3911 ³5

103 3939 179 4025 quis
210 3957 334 4026 agrum
364 3933 545 4009 Picenum,
573 3933 649 4019 quis
677 3932 865 4008 Gallicum,
894 3933 970 4018 quis
997 3933 1062 3997 sibi
1089 3935 1152 3999 has

611 4115 885 4225 347270
