2668 4262
61 702 94 769 ,ἐκ

175 237 239 283 100
466 217 681 306 Conrpriracy
705 220 753 305 of
772 217 935 285 Catilina.
1048 217 1172 287 [Cam
1192 218 1232 271 IL

172 422 322 487 urbanas
339 421 481 488 insidias
498 421 614 488 caedis
632 432 733 508 atque
757 419 995 486 incendiorum
1019 419 1235 506 depoposce-

173 523 234 586 rit:
257 522 372 586 omnia
385 521 569 607 superioris
586 524 695 586 noctis
713 522 855 587 consilia
872 522 916 586 ad
933 542 989 585 me
1006 522 1137 605 perlata
1155 542 1235 586 esse

173 621 340 686 sentiunt:
362 620 507 705 patefeci
525 621 560 684 in
577 634 698 686 senatu
716 622 873 685 hesterno
890 621 966 685 die:
990 620 1140 686 Catilina
1157 621 1236 706 ipse

173 720 356 806 pertimuit,
380 719 551 807 profugit:
586 721 618 784 hi
644 720 728 806 quid
751 719 972 805 exspectant?
1019 720 1075 800 Ne
1099 721 1149 785 illi
1173 741 1238 784 ve-

143 822 350 901 5hementer
377 833 504 896 errant,
531 820 558 884 si
588 820 683 884 illam
712 841 825 885 meam
853 821 1032 907 pristinam
1056 820 1237 884 lenitatem

173 932 375 1006 perpetuam
400 932 538 1005 sperant
562 919 722 984 futuram.
748 935 777 1008 r

218 1040 269 1085 ιν.
296 1017 401 1104 Qod
433 1020 644 1104 exspectavi,
670 1019 744 1108 jam
776 1041 853 1085 sum
881 1021 1076 1096 adsecutus,
1104 1029 1143 1084 ut
1169 1041 1237 1086 vos

173 1141 293 1186 omnes
321 1120 446 1184 factam
475 1141 550 1186 esse
576 1131 695 1204 aperte
720 1119 989 1208 conjurationem
1013 1131 1132 1186 contra
1156 1141 1234 1185 rem

173 1221 347 1307 publicam
363 1220 544 1285 videretis:
570 1219 635 1284 nisi
652 1241 733 1285 vero
750 1220 777 1284 si
796 1221 880 1307 ¹quis
903 1231 954 1286 est
976 1219 1034 1306 qui
1059 1219 1235 1285 Catilinae

128 1347 158 1383 ro
174 1319 293 1385 similis
314 1341 392 1385 cum
413 1318 564 1385 Catilina
584 1319 709 1384 sentire
733 1341 802 1384 non
828 1331 933 1405 putet.
981 1320 1063 1385 Non
1085 1333 1137 1391 est
1157 1322 1234 1408 jam

173 1420 301 1485 lenitati
330 1421 447 1484 locus:
483 1420 698 1485 severitatem
726 1441 781 1485 res
808 1419 883 1504 ipsa
911 1419 1055 1508 flagitat.
1080 1495 1083 1502 ,
1111 1420 1234 1486 Unum

173 1520 275 1585 etiam
292 1541 384 1584 nunc
401 1515 612 1584 concedam:
638 1531 774 1594 exeant,
795 1519 1068 1604 proficiscantur3
1088 1546 1132 1589 ne
1144 1521 1234 1607 pati-

170 1632 274 1684 antur
289 1620 458 1685 desiderio
475 1619 527 1684 sui
541 1618 733 1684 Catilinam¹
745 1620 908 1686 miserum
925 1621 1112 1686 tabescere.
1162 1620 1235 1684 De-

175 1721 370 1785 monstrabo
383 1719 466 1784 iter:
482 1718 625 1784 Aurelia
638 1719 694 1784 via
707 1720 878 1805 profectus
895 1732 966 1786 est:
987 1720 1015 1786 si
1032 1721 1233 1786 adcelerare

129 1848 159 1898 ις
174 1821 302 1894 volent,
326 1821 370 1884 ad
394 1841 575 1905 vesperam
604 1833 864 1908 consequentur.
913 1835 940 1882 t.
964 1821 997 1886 O
1024 1821 1233 1886 fortunatam

174 1942 248 1985 rem
265 1920 450 2005 publicam,
466 1920 493 1984 si
511 1921 649 2007 quidem
668 1922 758 1986 hanc
775 1921 943 1987 sentinam
960 1921 1054 1986 urbis
1070 1921 1232 2008 ejecerit!

175 2020 256 2086 Uno
275 2020 508 2106 (mehercule)
527 2019 678 2086 Catilina
698 2023 878 2096 exhausto,
898 2022 1009 2086 levata
1030 2021 1112 2086 mihi
1128 2032 1161 2086 et
1176 2042 1233 2086 re-

175 2131 289 2186 creata
303 2141 357 2184 res
370 2120 507 2206 publica
522 2121 664 2186 videtur.
707 2120 803 2209 Quid
817 2122 907 2187 enim
922 2121 1002 2188 mali
1017 2135 1074 2186 aut
1090 2121 1233 2186 sceleris

153 2262 155 2268 ·
174 2220 261 2308 fingi
278 2230 335 2284 aut
351 2219 492 2307 cogitari
510 2232 619 2305 potest
630 2222 722 2307 quod
739 2244 806 2286 non
820 2222 877 2288 ille
891 2220 1106 2308 conceperit?
1139 2219 1233 2305 Quis

128 2331 243 2385 rotota
272 2320 370 2384 Italia
397 2321 585 2396 veneficus,
615 2322 691 2407 quis
718 2322 898 2409 gladiator,
926 2325 1003 2412 quis
1031 2325 1129 2399 latro,
1152 2322 1232 2410 quis

174 2419 331 2495 sicarius,
352 2419 429 2506 quis
453 2421 635 2505 parricida,
653 2421 730 2508 quis
751 2433 1029 2490 testamentorum
1045 2425 1230 2513 subjector,

175 2521 251 2608 quis
268 2520 554 2605 circumscriptor,
572 2521 648 2607 quis
665 2543 790 2609 ganeo,
809 2525 885 2610 quis
902 2547 1022 2610 nepos,
1040 2525 1116 2612 quis
1133 2525 1232 2589 adul·

174 2632 238 2695 ter,
268 2641 358 2706 quae
390 2621 513 2686 mulier
543 2620 693 2697 infamis,
722 2624 799 2709 quis
827 2639 1005 2711 corruptor
1029 2625 1230 2713 juventutis

161 2753 162 2757 =
175 2721 252 2808 quis
265 2730 456 2806 corruptus,
471 2721 547 2806 quis
561 2722 711 2806 perditus
725 2723 868 2788 inveniri
887 2736 1008 2810 potest,
1022 2726 1079 2812 qui
1097 2747 1133 2790 se
1151 2747 1233 2790 cum

127 2848 157 2898 25
175 2820 326 2886 Catilina
342 2842 411 2884 non
429 2820 692 2887 familiarissime
708 2823 835 2889 vixisse
853 2823 1018 2890 fateatur?
1046 2846 1135 2912 quae
1153 2846 1234 2892 cae-

176 2921 237 2985 des
254 2942 315 3005 per
331 2921 435 2985 hosce
453 2941 561 2985 annos
578 2921 651 2986 sine
667 2923 726 2988 illo
743 2923 832 2988 facta
850 2924 922 2990 est?
953 2926 1044 3012 quod
1062 2925 1234 2990 nefarium

177 3033 328 3106 stuprum
354 3042 423 3085 non
448 3020 651 3105 perillum?
696 3036 723 3082 8.
742 3024 822 3110 Jam
841 3047 922 3090 vero
941 3047 1031 3112 quae
1047 3036 1139 3090 tanta
1156 3047 1234 3088 um-

176 3143 280 3208 quam
296 3122 330 3185 in
344 3121 414 3186 ullo
431 3121 569 3186 homine
582 3122 768 3210 juventutis
780 3123 953 3190 inlecebra
966 3124 1040 3202 fuit,
1054 3135 1182 3212 quanta
1195 3125 1233 3189 in

178 3220 257 3286 illo?
281 3221 337 3308 qui
358 3221 443 3286 alios
467 3221 540 3306 ipse
566 3224 703 3287 amabat
725 3224 931 3309 turpissime,
954 3226 1097 3290 aliorum
1122 3227 1232 3290 amori

128 3347 161 3398 ³0
179 3320 441 3408 flagitiosissime
461 3320 650 3387 serviebat:
676 3322 751 3388 aliis
770 3324 917 3388 fructum
940 3326 1132 3400 libidinum,
1154 3324 1233 3392 aliis

178 3433 318 3487 mortem
336 3433 516 3506 parentum
534 3442 603 3486 non
620 3423 721 3488 modo
744 3423 965 3509 impellendo,
984 3447 1103 3491 verum
1127 3425 1232 3492 etiam

178 3521 371 3609 adjuvando
397 3521 635 3606 pollicebatur.
684 3521 789 3588 Nunc
812 3546 893 3589 vero
913 3545 1017 3611 quam
1035 3526 1144 3591 subito
1160 3547 1232 3590 non

178 3623 287 3687 solum
305 3643 349 3684 ex
366 3622 464 3696 urbe,
481 3642 601 3685 verum
618 3622 720 3685 etiam
737 3645 781 3686 ex
798 3624 892 3710 agris
911 3624 1086 3712 ingentem
1111 3647 1232 3690 nume-

179 3741 251 3784 rum
286 3721 493 3804 perditorum
525 3720 702 3784 hominurn
734 3723 952 3808 conlegerat!
1014 3724 1128 3790 Nemo
1161 3747 1232 3790 non

131 3819 280 3895 35modo
313 3819 463 3891 Rornae,
485 3819 546 3883 sed
574 3840 619 3882 ne
646 3821 716 3883 ullo
744 3822 882 3906 quidem
910 3823 945 3886 in
974 3825 1103 3910 angulo
1130 3825 1232 3890 totius

179 3916 297 3980 Italiae
321 3937 505 4001 oppressus
529 3937 609 3981 aere
633 3918 745 3983 alieno
769 3917 842 3992 fuit,
866 3941 968 4005 quem
996 3944 1065 3988 non
1094 3924 1138 3989 ad
1165 3925 1233 3991 hoc

180 4016 377 4080 incredibile
402 4015 540 4079 sceleris
563 4015 684 4080 foedus
708 4017 877 4082 asciverit.
