2668 4262
58 222 96 262 tx·
110 207 164 282 26·l
303 210 444 277 Clodius
467 211 615 277 resolves
637 218 672 276 to
695 209 763 274 kill
781 209 861 274 hebr.
1041 218 1105 294 179

55 423 188 498 gestam
212 413 308 480 vobis
332 414 413 479 dum
432 413 580 479 breviter
597 434 745 498 expono,
764 432 905 498 quaeso,
924 408 1106 497 diligenter

55 514 228 578 attendite.

97 613 210 678 ΜΡ.
226 613 368 680 Clodius
386 635 462 679 cum
481 615 651 679 statuisset
676 611 768 678 omni
794 612 923 677 scelere
948 611 983 674 in
1008 629 1107 696 prae·

54 725 127 778 tura
151 736 279 779 vexare
304 737 376 778 rem
402 715 587 799 publicam,
608 715 807 800 videretque
831 713 876 776 ita
900 722 1006 776 tracta
1031 730 1105 774 esse

54 816 190 878 comitia
217 837 307 880 anno
332 815 518 900 superiore,
539 827 573 879 ut
597 837 665 880 non
686 815 809 878 multos
827 812 954 876 mensis
971 821 1106 897 praetu·
1126 834 1140 889 5

53 937 124 980 ram
142 937 265 1003 gerere
283 927 409 1000 posset,
421 915 534 1002 -qui
553 937 621 980 non
642 915 779 980 honoris
803 913 950 1002 gradum
975 923 1107 996 specta·

53 1028 113 1089 ret,
141 1029 179 1080 ut
202 1016 318 1090 ceteri,
343 1017 404 1080 sed
432 1028 464 1081 et
491 1015 536 1080 L.
564 1014 709 1080 Paulum
741 1017 923 1102 conlegam
952 1013 1106 1100 effugere

52 1117 167 1191 vellet,
187 1116 355 1204 singulari
380 1115 501 1180 virtute
525 1116 649 1191 civem,
668 1127 700 1181 et
724 1138 852 1180 annum
874 1117 1044 1204 integrum
1062 1113 1106 1177 ad

53 1217 311 1282 dilacerandam
323 1238 396 1281 rem
408 1216 581 1302 publicam
594 1229 784 1302 quaereret,
796 1217 961 1282 -subito
972 1213 1108 1302 reliquit

53 1337 182 1382 annum
201 1338 315 1392 suum,
333 1337 478 1403 seseque
495 1316 527 1380 in
546 1337 672 1381 annum
697 1319 892 1403 proximum
917 1315 1106 1381 transtulit:
1128 1347 1167 1400 10,

53 1438 120 1481 non
142 1419 199 1504 (ut
216 1418 269 1503 fit)
289 1416 457 1504 religione
474 1416 602 1502 aliqua,
621 1417 682 1482 sed
698 1429 734 1482 ut
750 1418 902 1491 haberet,
917 1416 1009 1502 quod
1032 1415 1107 1500 ipse

53 1517 202 1592 dicebat,
234 1517 278 1582 ad
305 1528 501 1602 praeturam
530 1518 732 1604 gerendam,
760 1517 825 1582 hoc
852 1529 915 1591 est,
940 1517 984 1582 ad
1011 1536 1108 1580 ever·

52 1618 192 1681 tendam
212 1639 283 1680 rem
300 1617 486 1701 publicam,
501 1618 642 1702 plenum
656 1639 785 1682 annum
802 1630 902 1704 atque
919 1617 1103 1704 integrum.

53 1734 97 1781 as.
121 1717 338 1783 Occurrebat
361 1717 391 1781 ei
413 1738 570 1782 mancam
590 1738 630 1782 ac
647 1717 793 1783 debilem
807 1730 1000 1802 praeturam
1019 1715 1108 1780 sutu-

54 1839 126 1882 ram
143 1839 243 1882 suam
259 1817 398 1880 consule
412 1816 543 1882 Milone
557 1839 565 1878 z
586 1838 663 1880 eum
677 1839 777 1902 porro
790 1838 924 1881 summo
937 1837 1106 1880 consensu
1129 1843 1158 1901 ¹5

54 1918 170 2002 populi
202 1916 352 1982 Romani
384 1917 559 1982 consulem
587 1917 661 1981 fieri
693 1917 841 1982 videbat.
890 1915 1043 1981 Contulit
1070 1936 1106 1979 se

55 2020 97 2084 ad
121 2019 199 2106 ejus
223 2017 472 2101 competitores,
486 2019 551 2106 [sed
571 2017 629 2092 ita,
648 2029 752 2082 totam
768 2030 804 2081 ut
820 2017 1015 2100 petitionem
1033 2015 1106 2101 ipse

55 2120 145 2183 solus
163 2118 268 2182 etiam
287 2117 398 2181 invitis
416 2117 482 2181 illis
499 2118 717 2204 gubernaret,
733 2129 800 2181 tota
818 2129 854 2180 ut
870 2117 1004 2181 comitia
1022 2115 1104 2189 suis,

53 2229 89 2282 ut
105 2219 294 2297 dictitabat,
314 2217 440 2281 umeris
457 2217 649 2282 sustineret.
695 2215 918 2283 Convocabat
934 2216 1053 2290 tribus,
1069 2237 1106 2279 se

54 2317 304 2402 interponebat,
324 2315 496 2382 Collinam
514 2338 639 2381 novam
656 2317 781 2381 dilectu
803 2316 1106 2401 perditissimorum
1126 2341 1160 2380 20

55 2417 180 2482 civium
199 2417 446 2482 conscribebat.
497 2415 637 2501 Quanto
653 2417 710 2481 ille
728 2418 825 2502 plura
843 2417 1019 2489 miscebat,
1034 2427 1107 2480 tan-

54 2529 86 2582 to
110 2518 168 2582 hic
193 2517 305 2604 magis
330 2517 362 2579 in
389 2517 462 2581 dies
488 2517 761 2580 convalescebat.
812 2516 879 2580 Ubi
903 2515 985 2580 vidit
1004 2517 1107 2580 homo

55 2618 97 2682 ad
121 2638 226 2682 omne
251 2617 383 2680 facinus
408 2616 642 2702 paratissimus
666 2616 885 2680 fortissimum
913 2615 1037 2688 virum,
1057 2616 1107 2678 in·

54 2716 290 2782 imicissimum
309 2738 422 2790 suum,
441 2711 665 2780 certissimum
684 2717 872 2790 consulem,
891 2717 993 2800 idque
1009 2715 1108 2780 intel-

55 2818 136 2881 lexit
154 2839 224 2881 non
243 2817 354 2880 solum
372 2815 598 2889 sermonibus
619 2815 679 2880 sed
699 2816 801 2879 etiarn
826 2814 999 2902 suffragiis
1023 2836 1107 2900 pop·
1126 2837 1159 2890 25

55 2919 101 2982 uli
119 2917 272 2982 Romani
290 2938 394 3001 saepe
407 2937 482 2982 esse
496 2917 719 2991 declaratum,
735 2917 849 3002 palam
864 2937 968 3004 agere
981 2917 1104 3002 coepit,

56 3029 87 3080 et
122 3030 239 3103 aperte
272 3017 386 3081 dicere
414 3016 641 3080 occidendum
670 3015 849 3081 Milonem.
908 3035 955 3082 aa.
979 3015 1107 3082 Servos

57 3117 202 3204 agrestis
226 3129 260 3180 et
277 3117 454 3191 barbaros,
477 3117 600 3202 quibus
622 3117 725 3181 silvas
748 3118 903 3208 publicas
920 3119 1107 3204 depopula-

56 3228 108 3280 tus
138 3228 211 3280 erat
237 3215 477 3302 Etruriamque
505 3229 660 3290 vexarat,
688 3239 730 3280 ex
758 3216 944 3302 Apennino
976 3219 1108 3284 dedux-

58 3328 141 3391 erat,
157 3338 242 3404 quos
258 3315 437 3380 videbatis.
487 3315 560 3379 Res
576 3328 649 3381 erat
665 3315 804 3380 minirne
828 3319 985 3384 obscura.
1028 3319 1106 3385 Ete·
1127 3331 1162 3386 30

58 3416 126 3480 nim
160 3416 274 3502 palam
307 3415 481 3480 dictitabat
511 3416 724 3481 consulatum
758 3416 879 3482 Miloni
915 3419 999 3505 eripi
1039 3442 1107 3485 non

59 3537 170 3600 posse,
184 3517 286 3582 vitam
309 3537 420 3600 posse.
471 3515 687 3602 Significavit
709 3517 774 3582 hoc
796 3539 899 3602 saepe
921 3520 955 3584 in
973 3534 1106 3596 senatu,

60 3617 143 3682 dixit
158 3618 192 3681 in
211 3617 379 3682 contione.
431 3615 525 3699 (Quin
543 3617 643 3681 etiam
667 3617 718 3680 M.
739 3618 906 3695 Favonio,
925 3620 1107 3688 fortissimo

61 3717 143 3786 viro.
162 3717 338 3805 quaerenti
363 3739 406 3782 ex
431 3739 471 3782 eo
494 3740 561 3804 qua
579 3741 639 3804 spe
656 3718 782 3783 sureret
798 3720 929 3786 Milone
945 3723 1036 3798 vivo,
1055 3745 1108 3788 re·

61 3819 192 3902 spondit
215 3819 325 3883 triduo
345 3819 438 3882 illum
459 3831 515 3882 aut
532 3841 702 3882 summum
721 3822 911 3906 quadriduo
928 3845 1002 3886 esse
1021 3823 1108 3907 peri·
1127 3825 1160 3881 35

61 3930 190 3982 turum:
215 3939 317 4005 quam
337 3939 457 3981 vocem
474 3919 547 4007 ejus
565 3920 608 3982 ad
627 3920 718 3982 bunc
735 3917 787 3982 M.
807 3918 974 3985 Catonem
994 3921 1106 3984 statim

61 4015 231 4084 Favonius
248 4018 378 4082 detulit.
