2714 4266
190 183 229 228 12
510 166 668 253 Defince
691 169 740 254 of
752 167 910 236 Roscius.
1050 151 1155 242 [Ruso
1176 176 1248 231 Au.

187 376 257 430 tam
274 387 456 432 commune
471 387 576 454 quam
593 367 731 453 spiritus
747 368 847 446 vivis,
867 382 955 438 terra
973 376 1129 451 mortuis,
1143 400 1248 445 mare

186 467 441 542 fluctuantibus,
461 467 539 532 litus
564 466 702 556 ejectis?
749 470 801 536 Ita
825 472 956 548 vivunt,
975 476 1058 540 dum
1084 490 1245 563 possunt,

187 580 223 634 ut
240 569 365 632 ducere
382 568 532 632 animam
551 569 594 633 de
611 570 709 634 caelo
729 593 798 636 non
823 585 963 657 queant.
1013 575 1066 640 Ita
1091 579 1247 643 moriun-

187 681 253 744 tur,
282 681 317 733 ut
344 689 462 734 eorum
490 691 568 744 ossa
597 681 686 734 terra
704 693 772 736 non
806 684 936 760 tangat.
988 675 1039 740 Ita
1068 679 1247 765 jactantur

156 769 359 854 5fluctibuS,
378 782 413 834 ut
433 791 620 856 numquam
643 772 839 836 adluantur.
889 774 940 840 Ita
965 790 1135 862 postremo
1159 778 1246 842 eici-

188 884 303 946 untur,
329 883 365 935 ut
393 893 436 936 ne
464 872 508 936 ad
536 893 622 936 saxa
654 872 793 958 quidem
827 876 948 940 mortui
981 878 1242 963 conquiescant.

187 989 236 1038 30.
259 972 363 1038 Tanti
391 971 538 1036 malefici
563 972 708 1048 crimen,
734 974 790 1038 cui
816 976 986 1041 maleficio
1010 988 1080 1040 tam
1103 977 1245 1064 insigne

188 1075 395 1160 supplicium
419 1085 471 1138 est
492 1073 724 1150 constitutum,
747 1077 893 1161 probare
916 1092 961 1152 te,
984 1076 1100 1154 Eruci,
1118 1099 1245 1144 censes

189 1197 290 1262 posse
307 1174 431 1240 talibus
448 1174 542 1248 viris,
561 1174 590 1240 si
606 1195 650 1239 ne
668 1196 809 1242 causam
826 1177 965 1264 quidem
991 1177 1138 1244 malefici
1162 1199 1245 1263 pro-

141 1274 328 1342 retuleris?
376 1273 413 1339 Si
432 1275 524 1338 hunc
541 1276 634 1359 apud
650 1276 818 1341 bonorum
837 1289 1007 1362 emptores
1023 1278 1115 1363 ipsos
1140 1299 1245 1343 accu-

189 1399 297 1450 sareS,
331 1374 430 1462 eique
459 1374 589 1462 judicio
622 1373 877 1463 Chrysogonus
906 1390 1092 1462 praeesset,
1125 1390 1244 1443 tamen

189 1475 386 1565 diligentius
418 1475 637 1561 paratiusque
668 1477 835 1542 venisses.
863 1515 864 1518 =
897 1476 1019 1542 Utrum
1047 1478 1129 1564 quid
1156 1498 1243 1564 aga-

188 1588 243 1642 tur
273 1598 343 1641 non
375 1575 484 1649 vides,
519 1596 563 1640 an
595 1577 688 1660 apud
719 1598 806 1662 quos
837 1576 982 1663 agatur?
1040 1577 1167 1664 Agitur
1197 1578 1243 1642 de

190 1676 387 1763 parricidio,
405 1677 498 1762 quod
515 1676 588 1742 sine
607 1677 721 1742 multis
738 1676 852 1742 causis
869 1677 997 1762 suscipi
1018 1699 1086 1742 non
1111 1689 1241 1761 potest3

143 1801 172 1853 ις
191 1778 283 1861 apud
308 1776 464 1840 homines
490 1789 602 1841 autem
624 1777 907 1861 prudentissimos
925 1777 1051 1864 agitur,
1069 1777 1127 1863 qui
1144 1772 1264 1842 intel?

191 1879 311 1963 legunt
327 1877 498 1940 neminem
517 1897 560 1940 ne
578 1877 757 1940 minimum
775 1877 914 1964 quidem
935 1877 1142 1942 maleficium
1166 1877 1243 1942 sine

189 1999 296 2042 causa
313 1976 503 2041 admittere.

234 2097 351 2141 xxvn.
377 2092 419 2138 al.
442 2076 546 2140 Esto:
571 2097 713 2140 causam
732 2077 882 2161 proferre
899 2099 967 2142 non
985 2090 1092 2162 potes.
1133 2076 1242 2140 Tam·

189 2177 250 2242 etsi
262 2177 373 2241 statim
384 2177 507 2241 vicisse
518 2176 640 2248 debeo,
654 2187 769 2240 tamen
782 2177 825 2241 de
840 2199 916 2242 meo
926 2177 1002 2265 jure
1015 2177 1196 2251 decedam,
1207 2187 1241 2242 et

141 2301 172 2336 20
190 2277 248 2342 tibi
272 2277 364 2362 quod
389 2276 423 2340 in
445 2276 512 2340 alia
530 2296 636 2340 causa
653 2298 723 2340 non
739 2278 966 2342 concederem
984 2277 1018 2341 in
1037 2279 1103 2340 hac
1118 2295 1243 2341 conce-

189 2378 283 2450 dam,
303 2377 408 2440 sretus
426 2377 526 2463 hujus
544 2376 751 2440 innocentia.
801 2376 883 2440 Non
900 2397 1029 2462 quaero
1045 2377 1107 2442 abs
1123 2388 1155 2441 te
1171 2396 1241 2462 qua

188 2499 226 2540 re
247 2489 377 2561 patrem
391 2475 483 2565 §ern
504 2475 654 2541 Roscius
678 2476 861 2541 occiderit:
894 2497 1022 2562 quaero
1045 2497 1113 2562 quo
1138 2476 1240 2540 modo

188 2577 363 2642 occiderit.
412 2576 463 2641 Ita
488 2597 617 2662 quaero
647 2576 708 2640 abs
736 2588 781 2650 te,
807 2575 850 2642 C.
878 2575 994 2650 Eruci,
1020 2596 1089 2662 quo
1118 2576 1239 2649 mod03

189 2688 222 2740 et
245 2676 296 2740 sic
317 2689 430 2742 tecum
457 2697 574 2763 agam,
597 2688 634 2740 ut
658 2697 735 2740 meo
760 2677 835 2740 loco
856 2676 911 2740 vel
935 2676 1163 2760 respondendi
1184 2676 1239 2740 vel

140 2799 172 2853 25
189 2777 429 2862 interpellandi
453 2777 512 2841 tibi
531 2787 731 2862 potestatem
749 2775 886 2851 faciam,
905 2775 960 2840 vel
977 2775 1093 2849 etiam,
1111 2776 1138 2840 si
1156 2774 1240 2861 quid

189 2879 297 2952 voles,
323 2878 568 2966 interrogandi.
1117 2898 1121 2906 ·

232 2993 279 3041 aa.
305 2977 385 3067 Quo
417 2981 519 3044 modo
551 2975 697 3043 occidit?
760 2975 839 3061 Ipse
871 2975 1049 3060 percussit,
1083 2997 1127 3040 an
1163 2973 1239 3044 aliis

187 3079 414 3144 occidendum
448 3077 562 3144 dedit?
624 3078 663 3143 Si
695 3077 807 3163 ipsum
839 3075 969 3162 arguis,
1004 3075 1139 3140 Romae
1170 3097 1239 3140 non

189 3180 270 3244 suit:
294 3181 320 3245 si
338 3202 399 3265 per
417 3181 501 3245 alios
519 3179 640 3245 fecisse
657 3180 755 3252 dicis,
770 3197 900 3265 quaero
917 3196 1077 3240 servosne
1095 3196 1138 3238 an
1156 3174 1239 3239 libe-

143 3303 174 3354 30
190 3280 266 3346 ros?
297 3282 416 3367 siper
438 3281 575 3355 liberos,
597 3301 683 3365 quos
704 3275 882 3343 homines?
915 3275 1112 3340 indidemne
1134 3273 1240 3346 Arne:

190 3381 252 3455 ria,
276 3402 319 3445 an
346 3383 450 3446 hosce
473 3403 515 3444 ex
542 3380 625 3444 urbe
652 3377 815 3443 sicarios?
847 3377 875 3442 si
899 3375 1056 3450 Ameria,
1081 3375 1239 3462 quisunt

190 3480 248 3544 hi?
280 3503 341 3545 cur
366 3503 433 3544 non
460 3477 699 3544 nominantur?
731 3479 757 3542 si
783 3478 911 3552 Roma,
938 3477 1030 3542 unde
1054 3497 1113 3540 eos
1137 3496 1240 3540 nove·
1273 3475 1275 3480 ’

189 3593 241 3644 rat
258 3581 418 3652 Roscius,
433 3580 490 3666 qui
509 3581 657 3644 Romam
676 3579 790 3642 multis
808 3578 906 3642 annis
924 3600 992 3642 non
1009 3576 1114 3648 venit,
1129 3596 1238 3660 neque

190 3701 356 3764 umquam¹
391 3681 467 3763 plus
503 3680 614 3743 triduo
645 3677 728 3741 fuit?
768 3678 825 3740 ubi
858 3699 916 3740 eos
946 3675 1127 3743 convenit?
1166 3675 1239 3761 qui·

147 3799 267 3852 3scum
305 3779 437 3842 locutus
472 3777 544 3840 est?
582 3799 650 3862 quo
687 3776 787 3840 modo
824 3775 1014 3858 persuasit?
1069 3774 1237 3840 ‘Pretium

190 3877 307 3941 dedit.’
352 3875 419 3942 Cui
439 3875 555 3941 dedit?
586 3895 648 3961 per
667 3895 769 3960 quem
793 3872 907 3938 dedit?
939 3875 1030 3938 unde
1052 3887 1110 3938 aut
1132 3895 1239 3960 quan·
