2716 4266
225 189 289 278 246
447 190 482 257 T
475 191 518 256 lie
541 190 713 279 Struggle
736 195 878 280 against
902 194 1056 288 Antony.
1078 192 1186 263 [ΡΜ
1202 195 1282 248 xlv.

223 403 381 456 aetatem.
431 391 485 456 Ac
515 391 596 455 mihi
629 415 765 478 semper
796 415 837 458 eo
869 394 999 481 majora
1030 395 1208 461 beneficia
1242 398 1280 462 C.
1345 443 1346 446 κ

222 491 384 556 Caesaris
400 492 473 555 visa
491 504 580 566 sunt,
598 513 667 577 quo
685 494 796 558 minus
814 505 911 558 erant
928 494 970 557 ab
988 508 1099 559 aetate
1118 497 1181 560 illa
1208 520 1282 582 pos·
1345 495 1346 582 l

223 592 375 656 tulanda.
403 591 468 656 Cui
487 613 564 655 cum
582 593 761 677 imperium
781 594 963 668 dabamus,
984 595 1107 660 eodem
1126 610 1281 682 tempore
1345 591 1346 648 l

223 693 325 756 etiam
342 713 437 776 spem
456 691 529 778 ejus
546 692 692 757 nominis
704 693 966 758 deferebamus:
986 697 1078 781 quod
1095 717 1179 761 cum
1195 711 1282 762 esset

171 811 186 867 ς
224 803 439 865 consecutuS,
474 791 706 856 auctoritatem
740 793 844 858 nostri
877 794 1005 860 decreti
1037 797 1143 862 rebus
1175 799 1282 886 gestis

223 892 293 955 suis
311 891 556 976 comprobavit.
586 891 653 957 Hic
671 913 754 980 ergo
773 894 978 960 adulescens
996 897 1140 961 maximi
1160 899 1280 972 animi,

222 1004 259 1055 ut
274 991 450 1056 verissime
467 991 583 1058 scribit
602 991 746 1068 Hirtius,
766 1006 880 1060 castra
898 998 1081 1063 multarum
1099 998 1282 1086 legionum

223 1091 342 1177 paucis
374 1093 569 1158 cohortibus
593 1106 718 1159 tutatus
743 1107 806 1170 est,
826 1097 1085 1184 secundumque
1109 1100 1283 1184 proelium

223 1191 314 1256 fecit.
364 1191 416 1256 Ita
440 1194 541 1258 trium
565 1193 809 1280 imperatorum
833 1197 969 1272 virtute,
991 1199 1150 1272 consili0,
1175 1199 1285 1263 felici-

174 1320 206 1360 10
223 1302 291 1356 tate
315 1313 383 1357 uno
408 1293 462 1358 die
487 1295 570 1360 locis
592 1296 747 1381 Pluribus
767 1319 821 1361 res
838 1298 977 1382 publica
995 1310 1044 1362 est
1060 1312 1282 1363 conservata.

223 1413 274 1457 xr.
307 1411 354 1458 ao.
386 1393 546 1460 Decerno
585 1395 689 1484 igitur
725 1417 844 1462 eorum
876 1398 977 1462 trium
1010 1399 1151 1462 nomine
1185 1400 1278 1486 quin-

223 1495 387 1583 quaginta
420 1495 552 1560 dierum
578 1496 867 1581 supplicationes=
903 1517 1039 1572 causas,
1057 1509 1095 1561 ut
1119 1499 1283 1563 honorifi-

224 1595 427 1660 centissimis
454 1597 567 1662 verbis
595 1597 760 1684 consequi
788 1607 944 1682 potuero,
965 1598 1180 1684 complectar
1210 1599 1285 1685 ipsa

224 1696 400 1760 sententia.

174 1810 203 1866 15
269 1795 331 1860 Est
348 1807 459 1860 autem
477 1796 557 1862 fidei
579 1796 782 1883 pietatisque
806 1809 943 1862 nostrae
968 1797 1146 1862 declarare
1171 1798 1284 1863 fortis-

224 1895 319 1962 simis
343 1897 517 1972 militibus,
536 1918 639 1984 quam
659 1917 827 1962 memores
845 1897 952 1962 simus
976 1919 1152 1984 quamque
1176 1900 1281 1986 grati.

226 1996 490 2082 Quamobrem
509 1997 675 2082 promissa
693 2009 820 2071 nostra,
841 2009 942 2083 atque
959 2019 1000 2062 ea
1020 2019 1108 2084 quae
1134 1999 1284 2085 legioni-

224 2100 288 2162 bus
319 2098 410 2162 bello
437 2098 593 2162 consecto
624 2097 807 2162 tributuros
839 2119 902 2162 nos
934 2098 1199 2182 spopondimus,
1223 2100 1284 2163 ho·

226 2200 345 2264 diemo
370 2211 509 2264 senatus
538 2200 693 2264 consulto
722 2198 923 2264 renovanda
950 2217 1096 2264 censeo:
1129 2218 1282 2285 aequum

172 2301 207 2340 ²⁰
226 2310 277 2364 est
306 2299 397 2364 enim
431 2299 588 2375 militum,
613 2299 732 2363 talium
765 2299 978 2384 praesertim,
1000 2299 1166 2363 honorem
1200 2321 1283 2364 con·

233 2401 346 2489 jungi.
395 2419 442 2466 ao.
466 2399 580 2486 Atque
598 2402 741 2474 utinam,
761 2411 874 2484 patres
891 2398 1085 2483 conscripti,
1105 2396 1278 2486 [civibus]

225 2503 384 2568 omnibus
408 2504 538 2568 solvere
567 2499 665 2565 nobis
689 2499 843 2585 praemia
866 2497 1004 2564 liceret!
1053 2497 1279 2585 Quamquam
1345 2489 1346 2502 ¹

225 2623 288 2666 nos
305 2624 451 2690 eaquae
469 2600 687 2688 promisimus
705 2600 855 2665 studiose
879 2598 1052 2663 cumulata
1077 2599 1276 2663 reddemus.

226 2702 297 2768 Sed
328 2704 362 2769 id
394 2704 532 2791 quidem
565 2711 668 2766 restat
695 2702 750 2788 (ut
783 2698 902 2786 spero)
929 2697 1124 2772 victoribus,
1153 2700 1280 2784 quibus

172 2797 205 2854 ²5
226 2816 362 2870 senatus
383 2806 468 2870 fides
488 2802 735 2890 praestabitur:
768 2821 873 2886 quam
897 2797 1059 2885 quoniam
1076 2797 1280 2863 difficillimo

226 2904 273 2968 rei
299 2907 457 2991 publicae
481 2917 633 2988 tempore
651 2901 757 2966 secuti
777 2912 868 2974 sunt,
887 2920 945 2963 eos
965 2917 1153 2984 numquam
1177 2919 1280 2984 opor-

225 3006 307 3070 tebit
323 3007 443 3071 consili
460 3006 511 3071 sui
529 3003 715 3090 paenitere.
766 3000 837 3066 Sed
861 2998 962 3063 facile
984 3009 1036 3064 est
1058 2998 1147 3062 bene
1172 3017 1279 3086 agere

225 3127 303 3170 cum
324 3107 373 3172 eis
391 3107 551 3194 aquibus
578 3104 681 3168 etiam
707 3100 898 3168 tacentibus
924 3097 1071 3186 flagitari
1097 3097 1278 3162 videmur:

226 3207 309 3272 illud
334 3205 569 3272 admirabiliis
593 3216 626 3270 et
649 3203 760 3290 majus
784 3201 1003 3284 maximeque
1025 3196 1202 3282 proprium
1227 3221 1280 3264 se-

172 3305 207 3362 30
226 3319 326 3372 natus
354 3306 515 3394 sapientis
547 3315 610 3379 est,
639 3316 738 3392 grata
769 3322 887 3366 eorum
921 3299 1078 3362 virtutem
1111 3298 1278 3362 memoria

226 3407 397 3493 prosequi,
421 3407 479 3493 qui
507 3427 569 3492 pro
595 3404 705 3489 patria
728 3402 833 3466 vitam
859 3399 1093 3486 profuderunt.

270 3523 310 3570 sl.
341 3506 497 3590 Qiorum
512 3506 555 3570 de
568 3505 697 3568 honore
709 3501 839 3564 utinam
857 3499 940 3563 mihi
958 3498 1057 3583 plura
1073 3495 1109 3558 in
1127 3507 1277 3560 mentem
1345 3493 1346 3498 ’

225 3605 400 3670 venirent!
449 3605 528 3669 Duo
556 3615 646 3668 certe
675 3621 743 3665 non
776 3599 980 3684 praeteribo,
1005 3616 1094 3683 quae
1127 3596 1277 3660 maxime

226 3717 428 3766 occurrunt:
453 3723 598 3787 quorum
615 3701 758 3762 alterum
777 3697 922 3782 pertinet
938 3695 982 3760 ad
999 3697 1150 3760 virorum
1169 3696 1277 3760 sortis·

176 3805 208 3860 35
227 3800 390 3863 simorum
410 3800 554 3886 gloriam
573 3798 827 3880 sempiternam,
847 3795 991 3858 alterum
1009 3793 1053 3858 ad
1077 3793 1276 3860 leniendum

228 3916 417 3960 maerorem
441 3907 474 3961 et
493 3897 620 3960 luctum
645 3894 892 3979 proximorum.
