2668 4262
94 226 121 266 x.
135 214 190 285 aa]
332 216 555 306 Irrzportance
579 220 626 302 os
643 183 703 284 tha
724 219 901 285 Decr'st'on.
1080 240 1140 305 131
1228 199 1232 206 .

94 417 244 482 Romani
262 417 434 504 praesidia
450 441 518 484 non
534 420 678 485 desunt:
703 443 763 486 vos
780 443 822 486 ne
840 423 966 507 populo
985 423 1143 489 Romano

93 518 211 583 deesse
228 519 415 584 videamini
433 520 617 606 providete.
665 541 715 585 rx.
746 521 889 586 Habetis
906 524 1082 587 consulem
1100 545 1143 587 ex

92 619 248 702 plurimis
266 622 426 706 periculis
443 634 476 686 et
492 621 624 687 insidiis
642 635 742 709 atque
756 645 799 686 ex
814 623 926 687 media
940 636 1059 695 morte,
1075 645 1143 687 non

93 718 263 785 advitam
289 743 400 797 suam,
419 725 480 787 sed
505 724 717 788 adsalutem
747 737 892 788 vestram
918 735 1140 788 reservatum.

91 818 224 886 Omnes
241 824 380 888 ordines
393 824 437 889 ad
450 825 722 889 conservandam
737 844 807 887 rem
826 823 999 908 publicam
1017 833 1142 897 mente,
1177 851 1191 902 ς

89 921 281 999 voluntate,
299 945 383 989 voce
408 924 634 988 consentiunt.
684 923 836 989 Obsessa
862 924 995 987 facibus
1019 935 1052 987 et
1068 922 1143 986 telis

89 1019 219 1106 impiae
237 1024 480 1112 conjurationis
496 1025 592 1089 vobis
609 1025 756 1110 supplex
775 1046 896 1088 manus
913 1023 1019 1088 tendit
1036 1021 1142 1107 patria

90 1124 308 1198 communis;
326 1125 421 1190 vobis
438 1147 488 1200 se,
500 1127 596 1190 vobis
609 1125 712 1189 vitam
727 1125 880 1188 omnium
894 1124 1032 1198 civium,
1048 1123 1143 1187 vobis

90 1240 207 1286 arcem
226 1236 261 1288 et
276 1223 498 1309 Capitolium,
516 1226 613 1290 vobis
630 1245 707 1290 aras
724 1225 917 1297 Penatium,
933 1225 1030 1288 vobis
1046 1224 1142 1288 illum

91 1320 211 1408 ignem
237 1324 366 1390 Vestae
398 1325 655 1409 sempiternum,
685 1326 783 1390 vobis
817 1326 969 1389 omnium
1003 1326 1144 1389 deorum
1162 1350 1192 1385 ιο

91 1424 221 1508 templa
248 1437 350 1510 atque
374 1425 529 1499 delubra,
555 1426 651 1489 vobis
677 1447 791 1490 muros
816 1437 916 1512 atque
940 1424 1033 1488 urbis
1058 1436 1145 1488 tecta

92 1525 326 1588 commendat.
376 1524 557 1588 Praeterea
582 1526 625 1589 de
649 1537 760 1590 vestra
784 1524 865 1599 vita,
890 1526 933 1591 de
958 1525 1144 1611 conjugum

91 1635 286 1688 vestrarum
304 1636 404 1710 atque
422 1625 604 1688 liberorum
619 1624 745 1700 anima,
761 1625 804 1690 de
821 1624 963 1688 fortunis
976 1623 1143 1697 omnium,

93 1721 134 1784 de
151 1725 308 1798 sedibus,
323 1725 365 1788 de
382 1724 466 1789 focis
479 1724 612 1798 vestris,
629 1725 793 1788 hodierno
809 1725 865 1788 die
878 1724 974 1788 vobis
987 1723 1146 1811 judican-

93 1820 175 1886 dum
194 1837 258 1888 est.
266 1831 348 1929 pa.
374 1823 517 1889 Habetis
534 1825 656 1888 ducem
675 1845 862 1888 memorem
874 1823 990 1896 vestri,
1004 1823 1145 1887 oblitum
1163 1849 1191 1897 ¹5

93 1921 159 1995 sui,
186 1944 277 2010 quae
302 1945 370 1988 non
394 1945 532 2008 semper
554 1923 699 1988 facultas
723 1925 843 1989 datur:
879 1923 1011 1988 habetis
1034 1922 1145 1986 omnis

93 2023 246 2098 ordines,
273 2023 384 2088 omnis
408 2024 577 2099 homines,
604 2024 802 2087 universum
827 2024 990 2107 populum
1016 2021 1147 2086 Roma·

94 2124 282 2186 num-id
305 2123 396 2210 quod
420 2123 454 2186 in
487 2122 577 2187 civili
603 2144 708 2188 causa
732 2123 897 2189 hodierno
921 2122 977 2186 die
998 2122 1145 2205 primum

94 2219 428 2286 videmus-unum
457 2236 557 2309 atque
588 2223 678 2288 idem
712 2223 925 2288 sentientem.
986 2219 1146 2308 Cogitate

94 2322 233 2404 quantis
257 2323 430 2386 laboribus
455 2323 632 2387 fundatum
656 2323 852 2407 imperium,
873 2333 1001 2409 quanta
1025 2322 1146 2385 virtute
1161 2347 1191 2380 ω

95 2423 280 2486 stabilitam
298 2422 498 2497 libertatem,
514 2434 640 2508 quanta
669 2423 809 2486 deorum
838 2421 1050 2508 benignitate
1067 2441 1166 2485 auc-.

95 2531 147 2586 tas
172 2533 472 2610 exaggeratasque
499 2522 664 2594 fortunas,
690 2543 759 2585 una
784 2544 854 2587 nox
878 2542 988 2606 paene
1012 2520 1143 2585 delerit.

96 2619 200 2688 Idne
217 2643 380 2708 umquam
405 2624 548 2709 posthac
571 2645 639 2687 non
664 2622 766 2687 modo
785 2644 853 2686 non
871 2620 1007 2710 confici,
1026 2621 1146 2685 sedne

98 2723 241 2811 cogitari
267 2723 405 2809 quidem
429 2723 535 2807 possit
558 2744 578 2786 a
603 2722 746 2797 civibus,
766 2722 931 2787 hodierno
955 2721 1010 2786 die
1034 2721 1147 2805 provi-

98 2822 250 2889 dendum
275 2834 336 2888 est.
386 2822 500 2909 Atque
525 2825 611 2887 haec
627 2845 694 2887 non
714 2834 748 2887 ut
764 2844 837 2896 vos,
856 2822 913 2908 qui
935 2822 1017 2885 mihi
1036 2821 1146 2886 studio
1160 2845 1189 2896 ²5

101 2942 209 3004 paene
223 2923 453 3008 praecurritis,
465 2923 664 2996 excitarem,
679 2923 812 2987 locutus
828 2943 902 2986 sum
917 2944 925 2993 ;
943 2923 1004 2986 sed
1020 2932 1057 2985 ut
1071 2941 1146 2985 mea

99 3044 180 3098 vox,
206 3045 294 3110 quae
318 3024 419 3088 debet
443 3044 517 3087 esse
548 3023 583 3086 in
607 3045 644 3086 re
668 3023 805 3108 publica
837 3022 1009 3108 princeps
1035 3020 1147 3087 officio

102 3121 215 3189 functa
240 3124 411 3189 consulari
435 3123 617 3188 videretur.

146 3247 181 3291 x.
215 3243 264 3290 ao.
295 3224 412 3298 Nunc,
438 3236 642 3309 antequam
668 3223 713 3287 ad
737 3223 937 3288 sententiam
962 3224 1077 3298 redeo,
1105 3224 1147 3288 de

105 3345 155 3392 me
172 3348 282 3413 pauca
306 3325 432 3390 dicam.
482 3323 572 3410 Ego,
590 3336 717 3410 quanta
743 3345 864 3388 manus
890 3336 941 3389 est
957 3325 1192 3412 conjurato-30

103 3447 188 3499 rum,
206 3449 309 3514 quam
327 3426 447 3490 videtis
470 3447 545 3489 esse
563 3446 801 3511 permagnam,
820 3436 947 3489 tantam
966 3448 1019 3489 me
1037 3425 1148 3489 inimi-

105 3548 216 3593 corum
236 3528 484 3592 multitudinem
501 3527 692 3611 suscepisse
710 3526 829 3589 video:
855 3527 1008 3590 sedeam
1030 3527 1147 3613 judico

105 3649 175 3694 esse
200 3643 331 3714 turpem
358 3641 391 3692 et
416 3628 586 3690 infirmam
611 3640 644 3690 et
670 3626 850 3713 abjectam.
901 3624 1005 3710 Qrod
1032 3626 1059 3690 si
1086 3625 1147 3688 ali-

105 3732 237 3814 quando
255 3729 398 3816 alicujus
425 3728 536 3792 furore
554 3740 586 3791 et
603 3727 732 3790 scelere
759 3726 926 3790 concitata
945 3746 1066 3788 manus
1083 3725 1146 3789 ista

105 3831 177 3912 plus
193 3830 337 3894 valuerit
351 3849 455 3916 quam
472 3840 584 3891 vestra
609 3847 649 3890 ac
666 3826 712 3889 rei
732 3827 890 3909 publicae
910 3824 1071 3910 dignitas,
1092 3845 1145 3887 me
1161 3845 1193 3895 35

104 3939 213 3995 tamen
232 3951 384 3994 meorum
401 3928 566 3992 factorum
585 3937 684 4010 atque
707 3926 925 3988 consiliorum
944 3944 1143 4008 numquam,
