<?xml version="1.0" encoding="UTF-8"?>
<!DOCTYPE html PUBLIC "-//W3C//DTD XHTML 1.0 Transitional//EN"
    "http://www.w3.org/TR/xhtml1/DTD/xhtml1-transitional.dtd">
<html xmlns="http://www.w3.org/1999/xhtml" xml:lang="en" lang="en">
 <head>
  <title>
</title>
<meta http-equiv="Content-Type" content="text/html;charset=utf-8" />
  <meta name='ocr-system' content='tesseract 3.04.00' />
  <meta name='ocr-capabilities' content='ocr_page ocr_carea ocr_par ocr_line ocrx_word'/>
</head>
<body>
  <div class='ocr_page' id='page_1' title='image "./selectorationsc00greegoog_0035.png"; bbox 0 0 2714 4266; ppageno 0'>
   <div class='ocr_carea' id='block_1_1' title="bbox 13 212 1253 314">
    <p class='ocr_par' dir='ltr' id='par_1_1' title="bbox 13 212 1253 314">
     <span class='ocr_line' id='line_1_1' title="bbox 13 212 1253 314; baseline -0.008 -27"><span class='ocrx_word' id='word_1_1' title='bbox 13 275 14 314; x_wconf 64' lang='lat'><strong>,</strong></span> <span class='ocrx_word' id='word_1_2' title='bbox 113 230 117 236; x_wconf 89' lang='lat'>&#39;</span> <span class='ocrx_word' id='word_1_3' title='bbox 202 212 224 280; x_wconf 92' lang='grc'>8</span> <span class='ocrx_word' id='word_1_4' title='bbox 526 218 683 304; x_wconf 83' lang='lat' dir='ltr'><strong>Defence</strong></span> <span class='ocrx_word' id='word_1_5' title='bbox 708 219 755 305; x_wconf 90' lang='lat' dir='ltr'><strong>os</strong></span> <span class='ocrx_word' id='word_1_6' title='bbox 768 217 973 312; x_wconf 69' lang='lat' dir='ltr'><strong>Roscius.⁴</strong></span> <span class='ocrx_word' id='word_1_7' title='bbox 1063 217 1170 285; x_wconf 87' lang='lat' dir='ltr'><strong>[Rosc.</strong></span> <span class='ocrx_word' id='word_1_8' title='bbox 1191 215 1253 277; x_wconf 69' lang='lat' dir='ltr'><strong>AM.</strong></span> 
     </span>
    </p>
   </div>
   <div class='ocr_carea' id='block_1_2' title="bbox 97 415 1258 4001">
    <p class='ocr_par' dir='ltr' id='par_1_2' title="bbox 204 415 1257 804">
     <span class='ocr_line' id='line_1_2' title="bbox 248 415 1254 507; baseline 0.001 -26"><span class='ocrx_word' id='word_1_9' title='bbox 248 437 299 481; x_wconf 93' lang='lat' dir='ltr'><strong>x1.</strong></span> <span class='ocrx_word' id='word_1_10' title='bbox 326 435 367 481; x_wconf 74' lang='lat'><strong>19.</strong></span> <span class='ocrx_word' id='word_1_11' title='bbox 390 415 485 501; x_wconf 68' lang='lat' dir='ltr'><strong>Quid</strong></span> <span class='ocrx_word' id='word_1_12' title='bbox 503 419 649 504; x_wconf 91' lang='lat' dir='ltr'><strong>primum</strong></span> <span class='ocrx_word' id='word_1_13' title='bbox 664 417 819 507; x_wconf 91' lang='lat' dir='ltr'><strong>querar?</strong></span> <span class='ocrx_word' id='word_1_14' title='bbox 844 430 901 483; x_wconf 90' lang='lat' dir='ltr'><strong>aut</strong></span> <span class='ocrx_word' id='word_1_15' title='bbox 912 419 1004 483; x_wconf 91' lang='lat' dir='ltr'><strong>unde</strong></span> <span class='ocrx_word' id='word_1_16' title='bbox 1022 417 1254 504; x_wconf 90' lang='lat' dir='ltr'><strong>potissimum,</strong></span> 
     </span>
     <span class='ocr_line' id='line_1_3' title="bbox 209 517 1256 606; baseline 0.002 -26"><span class='ocrx_word' id='word_1_17' title='bbox 209 517 358 605; x_wconf 60' lang='lat' dir='ltr'><strong>judices</strong></span> <span class='ocrx_word' id='word_1_18' title='bbox 391 518 537 583; x_wconf 86' lang='lat' dir='ltr'><strong>ordiar?</strong></span> <span class='ocrx_word' id='word_1_19' title='bbox 582 532 639 584; x_wconf 88' lang='lat' dir='ltr'><strong>aut</strong></span> <span class='ocrx_word' id='word_1_20' title='bbox 669 520 761 606; x_wconf 92' lang='lat' dir='ltr'><strong>quod</strong></span> <span class='ocrx_word' id='word_1_21' title='bbox 794 531 852 583; x_wconf 88' lang='lat' dir='ltr'><strong>aut</strong></span> <span class='ocrx_word' id='word_1_22' title='bbox 883 541 903 582; x_wconf 84' lang='lat' dir='ltr'><strong>a</strong></span> <span class='ocrx_word' id='word_1_23' title='bbox 934 518 1058 604; x_wconf 92' lang='lat' dir='ltr'><strong>quibus</strong></span> <span class='ocrx_word' id='word_1_24' title='bbox 1084 519 1256 582; x_wconf 90' lang='lat' dir='ltr'><strong>auxilium</strong></span> 
     </span>
     <span class='ocr_line' id='line_1_4' title="bbox 204 615 1253 704; baseline 0 -24"><span class='ocrx_word' id='word_1_25' title='bbox 204 615 350 702; x_wconf 90' lang='lat' dir='ltr'><strong>petam?</strong></span> <span class='ocrx_word' id='word_1_26' title='bbox 398 617 595 683; x_wconf 88' lang='lat' dir='ltr'><strong>Deorumne</strong></span> <span class='ocrx_word' id='word_1_27' title='bbox 620 619 876 692; x_wconf 83' lang='lat' dir='ltr'><strong>immortalium,</strong></span> <span class='ocrx_word' id='word_1_28' title='bbox 898 619 1061 704; x_wconf 84' lang='lat' dir='ltr'>populine</span> <span class='ocrx_word' id='word_1_29' title='bbox 1086 618 1253 694; x_wconf 89' lang='lat' dir='ltr'><strong>Romani,</strong></span> 
     </span>
     <span class='ocr_line' id='line_1_5' title="bbox 204 717 1257 804; baseline 0.002 -24"><span class='ocrx_word' id='word_1_30' title='bbox 204 727 411 792; x_wconf 83' lang='lat' dir='ltr'><strong>vestramne,</strong></span> <span class='ocrx_word' id='word_1_31' title='bbox 451 717 508 804; x_wconf 90' lang='lat' dir='ltr'><strong>qui</strong></span> <span class='ocrx_word' id='word_1_32' title='bbox 549 740 720 783; x_wconf 88' lang='lat' dir='ltr'><strong>summam</strong></span> <span class='ocrx_word' id='word_1_33' title='bbox 760 730 960 804; x_wconf 89' lang='lat' dir='ltr'><strong>potestatem</strong></span> <span class='ocrx_word' id='word_1_34' title='bbox 1001 718 1146 793; x_wconf 91' lang='lat' dir='ltr'><strong>habetis,</strong></span> <span class='ocrx_word' id='word_1_35' title='bbox 1187 719 1257 782; x_wconf 86' lang='lat' dir='ltr'><strong>hoc</strong></span> 
     </span>
    </p>

    <p class='ocr_par' dir='ltr' id='par_1_3' title="bbox 174 817 1256 1305">
     <span class='ocr_line' id='line_1_6' title="bbox 174 817 1253 903; baseline 0.002 -23"><span class='ocrx_word' id='word_1_36' title='bbox 174 826 356 901; x_wconf 74' lang='lat' dir='ltr'><strong>stempore</strong></span> <span class='ocrx_word' id='word_1_37' title='bbox 387 817 490 882; x_wconf 87' lang='lat' dir='ltr'><strong>fidem</strong></span> <span class='ocrx_word' id='word_1_38' title='bbox 523 817 735 903; x_wconf 84' lang='lat' dir='ltr'><strong>implorem?</strong></span> <span class='ocrx_word' id='word_1_39' title='bbox 797 817 900 882; x_wconf 89' lang='lat' dir='ltr'><strong>Pater</strong></span> <span class='ocrx_word' id='word_1_40' title='bbox 936 818 1071 882; x_wconf 89' lang='lat' dir='ltr'><strong>occisus</strong></span> <span class='ocrx_word' id='word_1_41' title='bbox 1106 817 1253 892; x_wconf 86' lang='lat' dir='ltr'><strong>nefarie,</strong></span> 
     </span>
     <span class='ocr_line' id='line_1_7' title="bbox 205 917 1252 1003; baseline 0.002 -23"><span class='ocrx_word' id='word_1_42' title='bbox 205 917 327 980; x_wconf 91' lang='lat' dir='ltr'><strong>domus</strong></span> <span class='ocrx_word' id='word_1_43' title='bbox 350 917 491 982; x_wconf 90' lang='lat' dir='ltr'><strong>obsessa</strong></span> <span class='ocrx_word' id='word_1_44' title='bbox 516 919 559 983; x_wconf 89' lang='lat' dir='ltr'><strong>ab</strong></span> <span class='ocrx_word' id='word_1_45' title='bbox 583 918 743 994; x_wconf 91' lang='lat' dir='ltr'><strong>inimicis,</strong></span> <span class='ocrx_word' id='word_1_46' title='bbox 763 919 855 983; x_wconf 89' lang='lat' dir='ltr'><strong>bona</strong></span> <span class='ocrx_word' id='word_1_47' title='bbox 879 919 1053 1003; x_wconf 89' lang='lat' dir='ltr'><strong>adempta,</strong></span> <span class='ocrx_word' id='word_1_48' title='bbox 1078 939 1252 1002; x_wconf 85' lang='lat' dir='ltr'><strong>possessa,</strong></span> 
     </span>
     <span class='ocr_line' id='line_1_8' title="bbox 206 1015 1255 1104; baseline 0.003 -24"><span class='ocrx_word' id='word_1_49' title='bbox 206 1015 349 1102; x_wconf 88' lang='lat' dir='ltr'><strong>direpta,</strong></span> <span class='ocrx_word' id='word_1_50' title='bbox 379 1017 427 1080; x_wconf 90' lang='lat' dir='ltr'><strong>fili</strong></span> <span class='ocrx_word' id='word_1_51' title='bbox 463 1017 531 1082; x_wconf 83' lang='lat' dir='ltr'><strong>vita</strong></span> <span class='ocrx_word' id='word_1_52' title='bbox 566 1018 701 1094; x_wconf 88' lang='lat' dir='ltr'><strong>infesta,</strong></span> <span class='ocrx_word' id='word_1_53' title='bbox 731 1040 835 1103; x_wconf 88' lang='lat' dir='ltr'><strong>saepe</strong></span> <span class='ocrx_word' id='word_1_54' title='bbox 867 1018 955 1082; x_wconf 90' lang='lat' dir='ltr'><strong>serro</strong></span> <span class='ocrx_word' id='word_1_55' title='bbox 988 1030 1088 1104; x_wconf 91' lang='lat' dir='ltr'><strong>atque</strong></span> <span class='ocrx_word' id='word_1_56' title='bbox 1121 1018 1255 1083; x_wconf 87' lang='lat' dir='ltr'><strong>insidiis</strong></span> 
     </span>
     <span class='ocr_line' id='line_1_9' title="bbox 206 1116 1254 1203; baseline 0.004 -23"><span class='ocrx_word' id='word_1_57' title='bbox 206 1116 516 1203; x_wconf 89' lang='lat' dir='ltr'><strong>appetita‚—quid</strong></span> <span class='ocrx_word' id='word_1_58' title='bbox 544 1119 587 1183; x_wconf 88' lang='lat' dir='ltr'><strong>ab</strong></span> <span class='ocrx_word' id='word_1_59' title='bbox 616 1119 670 1184; x_wconf 88' lang='lat' dir='ltr'><strong>his</strong></span> <span class='ocrx_word' id='word_1_60' title='bbox 693 1130 740 1183; x_wconf 91' lang='lat' dir='ltr'><strong>tot</strong></span> <span class='ocrx_word' id='word_1_61' title='bbox 765 1118 941 1183; x_wconf 86' lang='lat' dir='ltr'><strong>maleficiis</strong></span> <span class='ocrx_word' id='word_1_62' title='bbox 966 1119 1105 1184; x_wconf 88' lang='lat' dir='ltr'><strong>sceleris</strong></span> <span class='ocrx_word' id='word_1_63' title='bbox 1130 1119 1254 1184; x_wconf 90' lang='lat' dir='ltr'><strong>abesse</strong></span> 
     </span>
     <span class='ocr_line' id='line_1_10' title="bbox 204 1215 1256 1305; baseline 0.004 -25"><span class='ocrx_word' id='word_1_64' title='bbox 204 1215 359 1281; x_wconf 89' lang='lat' dir='ltr'><strong>videtur?</strong></span> <span class='ocrx_word' id='word_1_65' title='bbox 389 1216 526 1282; x_wconf 89' lang='lat' dir='ltr'><strong>Tamen</strong></span> <span class='ocrx_word' id='word_1_66' title='bbox 544 1219 631 1282; x_wconf 88' lang='lat' dir='ltr'><strong>haec</strong></span> <span class='ocrx_word' id='word_1_67' title='bbox 648 1218 723 1283; x_wconf 87' lang='lat' dir='ltr'><strong>aliis</strong></span> <span class='ocrx_word' id='word_1_68' title='bbox 737 1219 875 1282; x_wconf 83' lang='lat' dir='ltr'><strong>nefariis</strong></span> <span class='ocrx_word' id='word_1_69' title='bbox 889 1219 1066 1283; x_wconf 90' lang='lat' dir='ltr'><strong>cumulant</strong></span> <span class='ocrx_word' id='word_1_70' title='bbox 1078 1232 1179 1305; x_wconf 85' lang='lat' dir='ltr'><strong>atque</strong></span> <span class='ocrx_word' id='word_1_71' title='bbox 1194 1219 1256 1284; x_wconf 39' lang='lat' dir='ltr'><strong>ade</strong></span> 
     </span>
    </p>

    <p class='ocr_par' dir='ltr' id='par_1_4' title="bbox 159 1317 1256 1803">
     <span class='ocr_line' id='line_1_11' title="bbox 159 1317 1256 1404; baseline 0.005 -25"><span class='ocrx_word' id='word_1_72' title='bbox 159 1341 191 1379; x_wconf 81' lang='grc' dir='ltr'><strong>ιο</strong></span> <span class='ocrx_word' id='word_1_73' title='bbox 205 1328 354 1404; x_wconf 86' lang='lat' dir='ltr'><strong>augent:</strong></span> <span class='ocrx_word' id='word_1_74' title='bbox 385 1317 514 1382; x_wconf 87' lang='lat' dir='ltr'><strong>crimen</strong></span> <span class='ocrx_word' id='word_1_75' title='bbox 538 1317 738 1382; x_wconf 90' lang='lat' dir='ltr'><strong>incredibile</strong></span> <span class='ocrx_word' id='word_1_76' title='bbox 763 1318 976 1404; x_wconf 84' lang='lat' dir='ltr'><strong>confingunt,</strong></span> <span class='ocrx_word' id='word_1_77' title='bbox 995 1317 1088 1384; x_wconf 88' lang='lat' dir='ltr'><strong>testis</strong></span> <span class='ocrx_word' id='word_1_78' title='bbox 1109 1320 1143 1382; x_wconf 91' lang='lat' dir='ltr'><strong>in</strong></span> <span class='ocrx_word' id='word_1_79' title='bbox 1161 1320 1256 1384; x_wconf 87' lang='lat' dir='ltr'><strong>hunc</strong></span> 
     </span>
     <span class='ocr_line' id='line_1_12' title="bbox 204 1418 1256 1507; baseline 0.002 -26"><span class='ocrx_word' id='word_1_80' title='bbox 204 1428 237 1481; x_wconf 90' lang='lat' dir='ltr'><strong>et</strong></span> <span class='ocrx_word' id='word_1_81' title='bbox 273 1429 488 1482; x_wconf 88' lang='lat' dir='ltr'><strong>accusatores</strong></span> <span class='ocrx_word' id='word_1_82' title='bbox 521 1418 662 1507; x_wconf 89' lang='lat' dir='ltr'><strong>hujusce</strong></span> <span class='ocrx_word' id='word_1_83' title='bbox 695 1418 841 1502; x_wconf 88' lang='lat' dir='ltr'><strong>pecunia</strong></span> <span class='ocrx_word' id='word_1_84' title='bbox 873 1430 1084 1503; x_wconf 88' lang='lat' dir='ltr'><strong>comparant.</strong></span> <span class='ocrx_word' id='word_1_85' title='bbox 1150 1418 1256 1484; x_wconf 87' lang='lat' dir='ltr'><strong>Hanc</strong></span> 
     </span>
     <span class='ocr_line' id='line_1_13' title="bbox 204 1517 1253 1602; baseline 0.001 -21"><span class='ocrx_word' id='word_1_86' title='bbox 204 1517 442 1583; x_wconf 88' lang='lat' dir='ltr'><strong>condicionem</strong></span> <span class='ocrx_word' id='word_1_87' title='bbox 467 1517 590 1583; x_wconf 87' lang='lat' dir='ltr'><strong>misero</strong></span> <span class='ocrx_word' id='word_1_88' title='bbox 614 1517 737 1592; x_wconf 85' lang='lat' dir='ltr'><strong>serunt,</strong></span> <span class='ocrx_word' id='word_1_89' title='bbox 756 1530 792 1581; x_wconf 92' lang='lat' dir='ltr'><strong>ut</strong></span> <span class='ocrx_word' id='word_1_90' title='bbox 811 1528 915 1602; x_wconf 90' lang='lat' dir='ltr'><strong>optet,</strong></span> <span class='ocrx_word' id='word_1_91' title='bbox 932 1532 1045 1582; x_wconf 89' lang='lat' dir='ltr'><strong>utrum</strong></span> <span class='ocrx_word' id='word_1_92' title='bbox 1067 1519 1161 1583; x_wconf 87' lang='lat' dir='ltr'><strong>malit</strong></span> <span class='ocrx_word' id='word_1_93' title='bbox 1178 1541 1253 1584; x_wconf 88' lang='lat' dir='ltr'><strong>cer-</strong></span> 
     </span>
     <span class='ocr_line' id='line_1_14' title="bbox 203 1616 1255 1703; baseline 0.003 -23"><span class='ocrx_word' id='word_1_94' title='bbox 203 1616 297 1681; x_wconf 89' lang='lat' dir='ltr'><strong>vices</strong></span> <span class='ocrx_word' id='word_1_95' title='bbox 311 1616 439 1682; x_wconf 91' lang='lat' dir='ltr'><strong>Roscio</strong></span> <span class='ocrx_word' id='word_1_96' title='bbox 452 1617 547 1692; x_wconf 88' lang='lat' dir='ltr'><strong>dare,</strong></span> <span class='ocrx_word' id='word_1_97' title='bbox 563 1639 620 1691; x_wconf 86' lang='lat' dir='ltr'><strong>an,</strong></span> <span class='ocrx_word' id='word_1_98' title='bbox 636 1617 767 1682; x_wconf 91' lang='lat' dir='ltr'><strong>insutus</strong></span> <span class='ocrx_word' id='word_1_99' title='bbox 784 1617 819 1682; x_wconf 91' lang='lat' dir='ltr'><strong>in</strong></span> <span class='ocrx_word' id='word_1_100' title='bbox 837 1617 985 1692; x_wconf 90' lang='lat' dir='ltr'><strong>culeum,</strong></span> <span class='ocrx_word' id='word_1_101' title='bbox 1002 1638 1063 1703; x_wconf 88' lang='lat' dir='ltr'><strong>per</strong></span> <span class='ocrx_word' id='word_1_102' title='bbox 1079 1641 1255 1684; x_wconf 89' lang='lat' dir='ltr'><strong>summum</strong></span> 
     </span>
     <span class='ocr_line' id='line_1_15' title="bbox 205 1716 1256 1803; baseline 0 -21"><span class='ocrx_word' id='word_1_103' title='bbox 205 1717 355 1783; x_wconf 90' lang='lat' dir='ltr'><strong>dedecus</strong></span> <span class='ocrx_word' id='word_1_104' title='bbox 371 1718 475 1782; x_wconf 91' lang='lat' dir='ltr'><strong>vitam</strong></span> <span class='ocrx_word' id='word_1_105' title='bbox 493 1717 658 1784; x_wconf 86' lang='lat' dir='ltr'><strong>amittere.</strong></span> <span class='ocrx_word' id='word_1_106' title='bbox 706 1716 873 1782; x_wconf 86' lang='lat' dir='ltr'><strong>Patronos</strong></span> <span class='ocrx_word' id='word_1_107' title='bbox 891 1717 970 1782; x_wconf 89' lang='lat' dir='ltr'><strong>huic</strong></span> <span class='ocrx_word' id='word_1_108' title='bbox 992 1717 1167 1783; x_wconf 87' lang='lat' dir='ltr'><strong>defuturos</strong></span> <span class='ocrx_word' id='word_1_109' title='bbox 1192 1741 1256 1803; x_wconf 90' lang='lat' dir='ltr'><strong>pu·</strong></span> 
     </span>
    </p>

    <p class='ocr_par' dir='ltr' id='par_1_5' title="bbox 97 1817 1255 2104">
     <span class='ocr_line' id='line_1_16' title="bbox 97 1817 1255 1904; baseline 0 -22"><span class='ocrx_word' id='word_1_110' title='bbox 97 1834 109 1859; x_wconf 76' lang='lat'>¹</span> <span class='ocrx_word' id='word_1_111' title='bbox 161 1840 191 1894; x_wconf 81' lang='lat'><strong>¹⁵</strong></span> <span class='ocrx_word' id='word_1_112' title='bbox 204 1828 381 1883; x_wconf 88' lang='lat' dir='ltr'><strong>taverunt:</strong></span> <span class='ocrx_word' id='word_1_113' title='bbox 411 1818 552 1883; x_wconf 87' lang='lat' dir='ltr'><strong>desunt:</strong></span> <span class='ocrx_word' id='word_1_114' title='bbox 582 1817 639 1904; x_wconf 93' lang='lat' dir='ltr'><strong>qui</strong></span> <span class='ocrx_word' id='word_1_115' title='bbox 660 1817 766 1882; x_wconf 88' lang='lat' dir='ltr'><strong>libere</strong></span> <span class='ocrx_word' id='word_1_116' title='bbox 791 1819 895 1891; x_wconf 90' lang='lat' dir='ltr'><strong>dicat,</strong></span> <span class='ocrx_word' id='word_1_117' title='bbox 917 1817 975 1903; x_wconf 92' lang='lat' dir='ltr'><strong>qui</strong></span> <span class='ocrx_word' id='word_1_118' title='bbox 1000 1839 1077 1882; x_wconf 92' lang='lat' dir='ltr'><strong>cum</strong></span> <span class='ocrx_word' id='word_1_119' title='bbox 1104 1819 1170 1883; x_wconf 89' lang='lat' dir='ltr'><strong>fide</strong></span> <span class='ocrx_word' id='word_1_120' title='bbox 1195 1820 1255 1882; x_wconf 85' lang='lat' dir='ltr'><strong>de·</strong></span> 
     </span>
     <span class='ocr_line' id='line_1_17' title="bbox 205 1917 1254 2004; baseline 0 -22"><span class='ocrx_word' id='word_1_121' title='bbox 205 1917 437 1992; x_wconf 66' lang='lat' dir='ltr'><strong>tendat—id</strong></span> <span class='ocrx_word' id='word_1_122' title='bbox 459 1918 551 2004; x_wconf 95' lang='lat' dir='ltr'><strong>quod</strong></span> <span class='ocrx_word' id='word_1_123' title='bbox 575 1917 608 1980; x_wconf 93' lang='lat' dir='ltr'><strong>in</strong></span> <span class='ocrx_word' id='word_1_124' title='bbox 635 1918 700 1981; x_wconf 92' lang='lat' dir='ltr'><strong>hac</strong></span> <span class='ocrx_word' id='word_1_125' title='bbox 725 1938 830 1981; x_wconf 89' lang='lat' dir='ltr'><strong>causa</strong></span> <span class='ocrx_word' id='word_1_126' title='bbox 856 1929 906 1982; x_wconf 91' lang='lat' dir='ltr'><strong>est</strong></span> <span class='ocrx_word' id='word_1_127' title='bbox 930 1918 1254 2004; x_wconf 66' lang='lat' dir='ltr'><strong>satis—quoniam</strong></span> 
     </span>
     <span class='ocr_line' id='line_1_18' title="bbox 205 2016 1049 2104; baseline -0.002 -22"><span class='ocrx_word' id='word_1_128' title='bbox 205 2017 344 2104; x_wconf 91' lang='lat' dir='ltr'><strong>quidem</strong></span> <span class='ocrx_word' id='word_1_129' title='bbox 361 2017 510 2102; x_wconf 91' lang='lat' dir='ltr'><strong>suscepi,</strong></span> <span class='ocrx_word' id='word_1_130' title='bbox 529 2039 596 2082; x_wconf 95' lang='lat' dir='ltr'><strong>non</strong></span> <span class='ocrx_word' id='word_1_131' title='bbox 614 2018 709 2081; x_wconf 88' lang='lat' dir='ltr'><strong>deest</strong></span> <span class='ocrx_word' id='word_1_132' title='bbox 726 2016 888 2101; x_wconf 89' lang='lat' dir='ltr'><strong>profecto,</strong></span> <span class='ocrx_word' id='word_1_133' title='bbox 903 2017 1049 2104; x_wconf 85' lang='lat' dir='ltr'><strong>judices.</strong></span> 
     </span>
    </p>

    <p class='ocr_par' dir='ltr' id='par_1_6' title="bbox 206 2116 1256 2305">
     <span class='ocr_line' id='line_1_19' title="bbox 251 2116 1256 2204; baseline 0 -22"><span class='ocrx_word' id='word_1_134' title='bbox 251 2137 331 2182; x_wconf 91' lang='lat' dir='ltr'><strong>x111.</strong></span> <span class='ocrx_word' id='word_1_135' title='bbox 356 2133 405 2182; x_wconf 80' lang='lat'><strong>20.</strong></span> <span class='ocrx_word' id='word_1_136' title='bbox 428 2117 516 2182; x_wconf 91' lang='lat' dir='ltr'><strong>Tres</strong></span> <span class='ocrx_word' id='word_1_137' title='bbox 534 2128 611 2182; x_wconf 91' lang='lat' dir='ltr'><strong>sunt</strong></span> <span class='ocrx_word' id='word_1_138' title='bbox 623 2137 691 2191; x_wconf 78' lang='lat' dir='ltr'><strong>reS,</strong></span> <span class='ocrx_word' id='word_1_139' title='bbox 706 2129 869 2202; x_wconf 90' lang='lat' dir='ltr'><strong>quantum</strong></span> <span class='ocrx_word' id='word_1_140' title='bbox 885 2138 951 2204; x_wconf 90' lang='lat' dir='ltr'><strong>ego</strong></span> <span class='ocrx_word' id='word_1_141' title='bbox 964 2116 1159 2181; x_wconf 88' lang='lat' dir='ltr'><strong>existimare</strong></span> <span class='ocrx_word' id='word_1_142' title='bbox 1176 2139 1256 2203; x_wconf 86' lang='lat' dir='ltr'><strong>pos-</strong></span> 
     </span>
     <span class='ocr_line' id='line_1_20' title="bbox 206 2215 1255 2305; baseline -0.003 -22"><span class='ocrx_word' id='word_1_143' title='bbox 206 2240 296 2294; x_wconf 91' lang='lat' dir='ltr'><strong>sum,</strong></span> <span class='ocrx_word' id='word_1_144' title='bbox 314 2239 402 2305; x_wconf 88' lang='lat' dir='ltr'><strong>quae</strong></span> <span class='ocrx_word' id='word_1_145' title='bbox 420 2218 553 2282; x_wconf 89' lang='lat' dir='ltr'><strong>obstent</strong></span> <span class='ocrx_word' id='word_1_146' title='bbox 569 2217 635 2280; x_wconf 95' lang='lat' dir='ltr'><strong>hoc</strong></span> <span class='ocrx_word' id='word_1_147' title='bbox 654 2226 806 2300; x_wconf 89' lang='lat' dir='ltr'><strong>tempore</strong></span> <span class='ocrx_word' id='word_1_148' title='bbox 832 2215 916 2282; x_wconf 88' lang='lat' dir='ltr'><strong>Sex.</strong></span> <span class='ocrx_word' id='word_1_149' title='bbox 941 2216 1091 2282; x_wconf 90' lang='lat' dir='ltr'><strong>Roscio:</strong></span> <span class='ocrx_word' id='word_1_150' title='bbox 1124 2217 1255 2282; x_wconf 87' lang='lat' dir='ltr'><strong>crimen</strong></span> 
     </span>
    </p>

    <p class='ocr_par' dir='ltr' id='par_1_7' title="bbox 160 2315 1256 2804">
     <span class='ocr_line' id='line_1_21' title="bbox 160 2315 1255 2401; baseline 0.004 -23"><span class='ocrx_word' id='word_1_151' title='bbox 160 2342 192 2378; x_wconf 65' lang='grc' dir='ltr'><strong>κο</strong></span> <span class='ocrx_word' id='word_1_152' title='bbox 207 2317 495 2392; x_wconf 87' lang='lat' dir='ltr'><strong>adversariorum,</strong></span> <span class='ocrx_word' id='word_1_153' title='bbox 533 2328 565 2381; x_wconf 90' lang='lat' dir='ltr'><strong>et</strong></span> <span class='ocrx_word' id='word_1_154' title='bbox 601 2315 760 2390; x_wconf 84' lang='lat' dir='ltr'><strong>audacia,</strong></span> <span class='ocrx_word' id='word_1_155' title='bbox 795 2328 827 2380; x_wconf 92' lang='lat' dir='ltr'><strong>et</strong></span> <span class='ocrx_word' id='word_1_156' title='bbox 864 2317 1026 2401; x_wconf 90' lang='lat' dir='ltr'><strong>potentia.</strong></span> <span class='ocrx_word' id='word_1_157' title='bbox 1091 2316 1255 2382; x_wconf 86' lang='lat' dir='ltr'><strong>Criminis</strong></span> 
     </span>
     <span class='ocr_line' id='line_1_22' title="bbox 208 2413 1256 2504; baseline -0.001 -21"><span class='ocrx_word' id='word_1_158' title='bbox 208 2417 444 2483; x_wconf 90' lang='lat' dir='ltr'><strong>confictionem</strong></span> <span class='ocrx_word' id='word_1_159' title='bbox 471 2427 650 2482; x_wconf 90' lang='lat' dir='ltr'><strong>accusator</strong></span> <span class='ocrx_word' id='word_1_160' title='bbox 674 2415 856 2504; x_wconf 86' lang='lat' dir='ltr'><strong>[Erucius]</strong></span> <span class='ocrx_word' id='word_1_161' title='bbox 884 2417 1034 2502; x_wconf 89' lang='lat' dir='ltr'><strong>suscepit</strong></span> <span class='ocrx_word' id='word_1_162' title='bbox 1046 2413 1056 2491; x_wconf 92' lang='grc' dir='ltr'><strong>;Ι</strong></span> <span class='ocrx_word' id='word_1_163' title='bbox 1089 2418 1256 2482; x_wconf 90' lang='lat' dir='ltr'><strong>audaciae</strong></span> 
     </span>
     <span class='ocr_line' id='line_1_23' title="bbox 207 2515 1253 2604; baseline 0.001 -23"><span class='ocrx_word' id='word_1_164' title='bbox 207 2519 312 2603; x_wconf 91' lang='lat' dir='ltr'><strong>partis</strong></span> <span class='ocrx_word' id='word_1_165' title='bbox 334 2517 453 2581; x_wconf 92' lang='lat' dir='ltr'><strong>Roscii</strong></span> <span class='ocrx_word' id='word_1_166' title='bbox 479 2516 543 2581; x_wconf 91' lang='lat' dir='ltr'><strong>sibi</strong></span> <span class='ocrx_word' id='word_1_167' title='bbox 568 2528 816 2601; x_wconf 91' lang='lat' dir='ltr'><strong>poposcerunt;</strong></span> <span class='ocrx_word' id='word_1_168' title='bbox 850 2515 1100 2604; x_wconf 86' lang='lat' dir='ltr'><strong>Chrysogonus</strong></span> <span class='ocrx_word' id='word_1_169' title='bbox 1126 2529 1253 2594; x_wconf 89' lang='lat' dir='ltr'><strong>autem,</strong></span> 
     </span>
     <span class='ocr_line' id='line_1_24' title="bbox 207 2611 1255 2704; baseline 0 -21"><span class='ocrx_word' id='word_1_170' title='bbox 207 2617 236 2683; x_wconf 93' lang='lat' dir='ltr'><strong>is</strong></span> <span class='ocrx_word' id='word_1_171' title='bbox 264 2617 321 2704; x_wconf 90' lang='lat' dir='ltr'><strong>qui</strong></span> <span class='ocrx_word' id='word_1_172' title='bbox 351 2611 534 2702; x_wconf 89' lang='lat' dir='ltr'><strong>plurimum</strong></span> <span class='ocrx_word' id='word_1_173' title='bbox 562 2628 684 2702; x_wconf 88' lang='lat' dir='ltr'><strong>potest,</strong></span> <span class='ocrx_word' id='word_1_174' title='bbox 709 2616 858 2701; x_wconf 87' lang='lat' dir='ltr'><strong>potentia</strong></span> <span class='ocrx_word' id='word_1_175' title='bbox 887 2628 1027 2703; x_wconf 82' lang='lat' dir='ltr'><strong>pugnat.</strong></span> <span class='ocrx_word' id='word_1_176' title='bbox 1077 2617 1130 2682; x_wconf 88' lang='lat' dir='ltr'><strong>De</strong></span> <span class='ocrx_word' id='word_1_177' title='bbox 1159 2618 1255 2683; x_wconf 91' lang='lat' dir='ltr'><strong>hisce</strong></span> 
     </span>
     <span class='ocr_line' id='line_1_25' title="bbox 207 2714 1256 2804; baseline -0.003 -19"><span class='ocrx_word' id='word_1_178' title='bbox 207 2718 365 2785; x_wconf 90' lang='lat' dir='ltr'><strong>omnibus</strong></span> <span class='ocrx_word' id='word_1_179' title='bbox 393 2717 495 2782; x_wconf 88' lang='lat' dir='ltr'><strong>rebus</strong></span> <span class='ocrx_word' id='word_1_180' title='bbox 523 2737 578 2780; x_wconf 88' lang='lat' dir='ltr'><strong>me</strong></span> <span class='ocrx_word' id='word_1_181' title='bbox 606 2717 719 2780; x_wconf 88' lang='lat' dir='ltr'><strong>dicere</strong></span> <span class='ocrx_word' id='word_1_182' title='bbox 747 2728 902 2801; x_wconf 87' lang='lat' dir='ltr'><strong>oportere</strong></span> <span class='ocrx_word' id='word_1_183' title='bbox 934 2715 1109 2804; x_wconf 87' lang='lat' dir='ltr'><strong>intellego.</strong></span> <span class='ocrx_word' id='word_1_184' title='bbox 1159 2714 1256 2800; x_wconf 68' lang='lat' dir='ltr'><strong>Quid</strong></span> 
     </span>
    </p>

    <p class='ocr_par' dir='ltr' id='par_1_8' title="bbox 161 2815 1258 3304">
     <span class='ocr_line' id='line_1_26' title="bbox 161 2815 1256 2906; baseline 0.004 -28"><span class='ocrx_word' id='word_1_185' title='bbox 161 2841 192 2896; x_wconf 80' lang='lat'><strong>25</strong></span> <span class='ocrx_word' id='word_1_186' title='bbox 208 2819 311 2906; x_wconf 88' lang='lat' dir='ltr'><strong>igitur</strong></span> <span class='ocrx_word' id='word_1_187' title='bbox 335 2815 416 2882; x_wconf 90' lang='lat' dir='ltr'><strong>est?</strong></span> <span class='ocrx_word' id='word_1_188' title='bbox 462 2815 543 2880; x_wconf 91' lang='lat' dir='ltr'><strong>Non</strong></span> <span class='ocrx_word' id='word_1_189' title='bbox 562 2817 682 2880; x_wconf 91' lang='lat' dir='ltr'><strong>eodem</strong></span> <span class='ocrx_word' id='word_1_190' title='bbox 702 2815 801 2880; x_wconf 93' lang='lat' dir='ltr'><strong>modo</strong></span> <span class='ocrx_word' id='word_1_191' title='bbox 819 2816 862 2880; x_wconf 92' lang='lat' dir='ltr'><strong>de</strong></span> <span class='ocrx_word' id='word_1_192' title='bbox 878 2815 1049 2891; x_wconf 66' lang='lat' dir='ltr'><strong>omnibus</strong></span> <span class='ocrx_word' id='word_1_193' title='bbox 1069 2817 1146 2882; x_wconf 92' lang='lat' dir='ltr'><strong>ideo</strong></span> <span class='ocrx_word' id='word_1_194' title='bbox 1163 2819 1256 2904; x_wconf 93' lang='lat' dir='ltr'><strong>quod</strong></span> 
     </span>
     <span class='ocr_line' id='line_1_27' title="bbox 208 2915 1257 3005; baseline -0.002 -22"><span class='ocrx_word' id='word_1_195' title='bbox 208 2922 317 3005; x_wconf 88' lang='lat' dir='ltr'><strong>prima</strong></span> <span class='ocrx_word' id='word_1_196' title='bbox 342 2917 401 2980; x_wconf 90' lang='lat' dir='ltr'><strong>illa</strong></span> <span class='ocrx_word' id='word_1_197' title='bbox 425 2938 479 2981; x_wconf 89' lang='lat' dir='ltr'><strong>res</strong></span> <span class='ocrx_word' id='word_1_198' title='bbox 500 2915 544 2980; x_wconf 88' lang='lat' dir='ltr'><strong>ad</strong></span> <span class='ocrx_word' id='word_1_199' title='bbox 562 2937 676 2979; x_wconf 93' lang='lat' dir='ltr'><strong>meum</strong></span> <span class='ocrx_word' id='word_1_200' title='bbox 693 2915 844 2980; x_wconf 92' lang='lat' dir='ltr'><strong>officium</strong></span> <span class='ocrx_word' id='word_1_201' title='bbox 862 2917 1017 3001; x_wconf 88' lang='lat' dir='ltr'><strong>pertinet,</strong></span> <span class='ocrx_word' id='word_1_202' title='bbox 1037 2917 1123 2982; x_wconf 92' lang='lat' dir='ltr'><strong>duas</strong></span> <span class='ocrx_word' id='word_1_203' title='bbox 1141 2927 1257 2982; x_wconf 89' lang='lat' dir='ltr'><strong>autem</strong></span> 
     </span>
     <span class='ocr_line' id='line_1_28' title="bbox 208 3015 1257 3105; baseline -0.003 -22"><span class='ocrx_word' id='word_1_204' title='bbox 208 3019 357 3105; x_wconf 90' lang='lat' dir='ltr'><strong>reliquas</strong></span> <span class='ocrx_word' id='word_1_205' title='bbox 377 3015 473 3080; x_wconf 88' lang='lat' dir='ltr'><strong>vobis</strong></span> <span class='ocrx_word' id='word_1_206' title='bbox 493 3017 640 3101; x_wconf 92' lang='lat' dir='ltr'><strong>populus</strong></span> <span class='ocrx_word' id='word_1_207' title='bbox 661 3015 842 3079; x_wconf 89' lang='lat' dir='ltr'><strong>Romanus</strong></span> <span class='ocrx_word' id='word_1_208' title='bbox 867 3015 1038 3100; x_wconf 91' lang='lat' dir='ltr'><strong>imposuit.</strong></span> <span class='ocrx_word' id='word_1_209' title='bbox 1089 3015 1166 3104; x_wconf 88' lang='lat' dir='ltr'><strong>Ego</strong></span> <span class='ocrx_word' id='word_1_210' title='bbox 1191 3017 1257 3082; x_wconf 90' lang='lat' dir='ltr'><strong>cri-</strong></span> 
     </span>
     <span class='ocr_line' id='line_1_29' title="bbox 210 3114 1258 3203; baseline -0.002 -19"><span class='ocrx_word' id='word_1_211' title='bbox 210 3141 288 3184; x_wconf 89' lang='lat' dir='ltr'><strong>men</strong></span> <span class='ocrx_word' id='word_1_212' title='bbox 316 3127 447 3203; x_wconf 90' lang='lat' dir='ltr'><strong>oportet</strong></span> <span class='ocrx_word' id='word_1_213' title='bbox 475 3114 625 3189; x_wconf 89' lang='lat' dir='ltr'><strong>diluam;</strong></span> <span class='ocrx_word' id='word_1_214' title='bbox 665 3137 726 3180; x_wconf 90' lang='lat' dir='ltr'><strong>vos</strong></span> <span class='ocrx_word' id='word_1_215' title='bbox 758 3126 791 3180; x_wconf 94' lang='lat' dir='ltr'><strong>et</strong></span> <span class='ocrx_word' id='word_1_216' title='bbox 822 3115 990 3180; x_wconf 88' lang='lat' dir='ltr'><strong>audaciae</strong></span> <span class='ocrx_word' id='word_1_217' title='bbox 1022 3115 1192 3190; x_wconf 88' lang='lat' dir='ltr'><strong>resistere,</strong></span> <span class='ocrx_word' id='word_1_218' title='bbox 1223 3128 1258 3182; x_wconf 90' lang='lat' dir='ltr'><strong>et</strong></span> 
     </span>
     <span class='ocr_line' id='line_1_30' title="bbox 209 3215 1256 3304; baseline -0.002 -22"><span class='ocrx_word' id='word_1_219' title='bbox 209 3217 385 3284; x_wconf 89' lang='lat' dir='ltr'><strong>hominum</strong></span> <span class='ocrx_word' id='word_1_220' title='bbox 412 3216 484 3304; x_wconf 90' lang='lat' dir='ltr'><strong>ejus</strong></span> <span class='ocrx_word' id='word_1_221' title='bbox 509 3216 600 3280; x_wconf 91' lang='lat' dir='ltr'><strong>modi</strong></span> <span class='ocrx_word' id='word_1_222' title='bbox 626 3215 854 3300; x_wconf 89' lang='lat' dir='ltr'><strong>perniciosam</strong></span> <span class='ocrx_word' id='word_1_223' title='bbox 879 3227 979 3301; x_wconf 90' lang='lat' dir='ltr'><strong>atque</strong></span> <span class='ocrx_word' id='word_1_224' title='bbox 1004 3215 1256 3281; x_wconf 90' lang='lat' dir='ltr'><strong>intolerandam</strong></span> 
     </span>
    </p>

    <p class='ocr_par' dir='ltr' id='par_1_9' title="bbox 162 3314 1257 3505">
     <span class='ocr_line' id='line_1_31' title="bbox 162 3314 1257 3406; baseline -0.002 -22"><span class='ocrx_word' id='word_1_225' title='bbox 162 3318 393 3406; x_wconf 88' lang='lat' dir='ltr'><strong>30potentiam</strong></span> <span class='ocrx_word' id='word_1_226' title='bbox 423 3316 533 3401; x_wconf 92' lang='lat' dir='ltr'><strong>primo</strong></span> <span class='ocrx_word' id='word_1_227' title='bbox 560 3337 696 3402; x_wconf 90' lang='lat' dir='ltr'><strong>quoque</strong></span> <span class='ocrx_word' id='word_1_228' title='bbox 724 3327 876 3399; x_wconf 88' lang='lat' dir='ltr'><strong>tempore</strong></span> <span class='ocrx_word' id='word_1_229' title='bbox 905 3314 1125 3403; x_wconf 88' lang='lat' dir='ltr'><strong>exstinguere</strong></span> <span class='ocrx_word' id='word_1_230' title='bbox 1153 3327 1257 3403; x_wconf 87' lang='lat' dir='ltr'><strong>atque</strong></span> 
     </span>
     <span class='ocr_line' id='line_1_32' title="bbox 208 3415 567 3505; baseline -0.028 -18"><span class='ocrx_word' id='word_1_231' title='bbox 208 3418 401 3505; x_wconf 88' lang='lat' dir='ltr'><strong>opprimere</strong></span> <span class='ocrx_word' id='word_1_232' title='bbox 426 3415 567 3482; x_wconf 82' lang='lat' dir='ltr'><strong>debetis.</strong></span> 
     </span>
    </p>

    <p class='ocr_par' dir='ltr' id='par_1_10' title="bbox 208 3513 1258 3804">
     <span class='ocr_line' id='line_1_33' title="bbox 251 3513 1258 3602; baseline -0.001 -18"><span class='ocrx_word' id='word_1_233' title='bbox 251 3536 294 3584; x_wconf 76' lang='lat'><strong>21.</strong></span> <span class='ocrx_word' id='word_1_234' title='bbox 319 3515 497 3583; x_wconf 91' lang='lat' dir='ltr'><strong>Occidisse</strong></span> <span class='ocrx_word' id='word_1_235' title='bbox 522 3525 653 3600; x_wconf 89' lang='lat' dir='ltr'><strong>patrem</strong></span> <span class='ocrx_word' id='word_1_236' title='bbox 679 3514 764 3579; x_wconf 87' lang='lat' dir='ltr'><strong>Sex.</strong></span> <span class='ocrx_word' id='word_1_237' title='bbox 785 3513 935 3580; x_wconf 88' lang='lat' dir='ltr'><strong>Roscius</strong></span> <span class='ocrx_word' id='word_1_238' title='bbox 958 3516 1122 3602; x_wconf 85' lang='lat' dir='ltr'><strong>arguitur.</strong></span> <span class='ocrx_word' id='word_1_239' title='bbox 1172 3516 1258 3583; x_wconf 90' lang='lat' dir='ltr'><strong>Sce-</strong></span> 
     </span>
     <span class='ocr_line' id='line_1_34' title="bbox 208 3615 1257 3707; baseline -0.001 -21"><span class='ocrx_word' id='word_1_240' title='bbox 208 3622 344 3692; x_wconf 87' lang='lat' dir='ltr'><strong>lestum,</strong></span> <span class='ocrx_word' id='word_1_241' title='bbox 359 3619 393 3683; x_wconf 91' lang='lat' dir='ltr'><strong>di</strong></span> <span class='ocrx_word' id='word_1_242' title='bbox 410 3615 640 3681; x_wconf 78' lang='lat' dir='ltr'><strong>immortales!</strong></span> <span class='ocrx_word' id='word_1_243' title='bbox 666 3637 705 3680; x_wconf 90' lang='lat' dir='ltr'><strong>ac</strong></span> <span class='ocrx_word' id='word_1_244' title='bbox 722 3615 889 3679; x_wconf 85' lang='lat' dir='ltr'><strong>nefarium</strong></span> <span class='ocrx_word' id='word_1_245' title='bbox 907 3615 1052 3690; x_wconf 84' lang='lat' dir='ltr'><strong>facinus,</strong></span> <span class='ocrx_word' id='word_1_246' title='bbox 1069 3629 1168 3704; x_wconf 88' lang='lat' dir='ltr'><strong>atque</strong></span> <span class='ocrx_word' id='word_1_247' title='bbox 1183 3619 1257 3707; x_wconf 88' lang='lat' dir='ltr'><strong>ejus</strong></span> 
     </span>
     <span class='ocr_line' id='line_1_35' title="bbox 210 3715 1257 3804; baseline 0 -20"><span class='ocrx_word' id='word_1_248' title='bbox 210 3721 314 3792; x_wconf 89' lang='lat' dir='ltr'><strong>modi,</strong></span> <span class='ocrx_word' id='word_1_249' title='bbox 334 3741 401 3804; x_wconf 91' lang='lat' dir='ltr'><strong>quo</strong></span> <span class='ocrx_word' id='word_1_250' title='bbox 419 3739 486 3780; x_wconf 89' lang='lat' dir='ltr'><strong>uno</strong></span> <span class='ocrx_word' id='word_1_251' title='bbox 505 3716 673 3779; x_wconf 87' lang='lat' dir='ltr'><strong>maleficio</strong></span> <span class='ocrx_word' id='word_1_252' title='bbox 690 3716 820 3779; x_wconf 87' lang='lat' dir='ltr'><strong>scelera</strong></span> <span class='ocrx_word' id='word_1_253' title='bbox 838 3715 953 3778; x_wconf 89' lang='lat' dir='ltr'><strong>omnia</strong></span> <span class='ocrx_word' id='word_1_254' title='bbox 976 3717 1157 3800; x_wconf 89' lang='lat' dir='ltr'><strong>complexa</strong></span> <span class='ocrx_word' id='word_1_255' title='bbox 1180 3739 1257 3784; x_wconf 86' lang='lat' dir='ltr'><strong>esse</strong></span> 
     </span>
    </p>

    <p class='ocr_par' dir='ltr' id='par_1_11' title="bbox 164 3814 1258 4001">
     <span class='ocr_line' id='line_1_36' title="bbox 164 3814 1258 3900; baseline 0.004 -19"><span class='ocrx_word' id='word_1_256' title='bbox 164 3841 195 3894; x_wconf 77' lang='lat'><strong>35</strong></span> <span class='ocrx_word' id='word_1_257' title='bbox 210 3819 400 3882; x_wconf 81' lang='lat' dir='ltr'><strong>rideantur.</strong></span> <span class='ocrx_word' id='word_1_258' title='bbox 446 3814 581 3879; x_wconf 87' lang='lat' dir='ltr'><strong>Etenim</strong></span> <span class='ocrx_word' id='word_1_259' title='bbox 600 3814 640 3887; x_wconf 91' lang='lat' dir='ltr'><strong>si,</strong></span> <span class='ocrx_word' id='word_1_260' title='bbox 655 3814 690 3876; x_wconf 93' lang='lat' dir='ltr'><strong>id</strong></span> <span class='ocrx_word' id='word_1_261' title='bbox 707 3815 798 3899; x_wconf 91' lang='lat' dir='ltr'><strong>quod</strong></span> <span class='ocrx_word' id='word_1_262' title='bbox 815 3815 991 3898; x_wconf 88' lang='lat' dir='ltr'><strong>praeclare</strong></span> <span class='ocrx_word' id='word_1_263' title='bbox 1009 3835 1028 3877; x_wconf 88' lang='lat' dir='ltr'><strong>a</strong></span> <span class='ocrx_word' id='word_1_264' title='bbox 1046 3817 1258 3900; x_wconf 87' lang='lat' dir='ltr'><strong>sapientibus</strong></span> 
     </span>
     <span class='ocr_line' id='line_1_37' title="bbox 211 3913 1255 4001; baseline 0.001 -20"><span class='ocrx_word' id='word_1_265' title='bbox 211 3918 344 3991; x_wconf 91' lang='lat' dir='ltr'><strong>dicitur,</strong></span> <span class='ocrx_word' id='word_1_266' title='bbox 369 3916 460 3980; x_wconf 93' lang='lat' dir='ltr'><strong>voltu</strong></span> <span class='ocrx_word' id='word_1_267' title='bbox 489 3913 592 3998; x_wconf 81' lang='lat' dir='ltr'><strong>saepe</strong></span> <span class='ocrx_word' id='word_1_268' title='bbox 620 3913 766 3977; x_wconf 90' lang='lat' dir='ltr'><strong>laeditur</strong></span> <span class='ocrx_word' id='word_1_269' title='bbox 790 3913 910 3997; x_wconf 79' lang='lat' dir='ltr'><strong>pietaS,</strong></span> <span class='ocrx_word' id='word_1_270' title='bbox 934 3914 1025 3999; x_wconf 92' lang='lat' dir='ltr'><strong>quod</strong></span> <span class='ocrx_word' id='word_1_271' title='bbox 1050 3917 1255 4001; x_wconf 91' lang='lat' dir='ltr'><strong>supplicium</strong></span> 
     </span>
    </p>
   </div>
   <div class='ocr_carea' id='block_1_3' title="bbox 0 0 1367 4266">
    <p class='ocr_par' dir='ltr' id='par_1_12' title="bbox 0 0 1367 4266">
     <span class='ocr_line' id='line_1_38' title="bbox 0 0 1367 4266; baseline 0 0"><span class='ocrx_word' id='word_1_272' title='bbox 0 0 1367 4266; x_wconf 95' lang='lat' dir='ltr'><strong> </strong></span> 
     </span>
    </p>
   </div>
  </div>
 </body>
</html>
