2714 4266
204 173 245 240 ²6
437 265 440 272 Ι
478 177 737 266 Impeachment
759 179 808 264 qs
833 175 969 243 Verres.
1087 177 1202 248 [Vena.
1249 216 1259 232 .

201 399 312 465 neque
333 391 462 444 tantum
486 379 674 464 periculum
699 379 781 443 mihi
806 379 899 444 adire
916 380 1009 446 visus
1031 402 1121 456 sum,
1141 402 1258 468 neque

200 490 293 543 tanto
305 501 408 564 opere
421 479 592 565 pertimui,
605 492 642 543 ut
654 501 745 544 nunc
758 479 792 543 in
806 479 880 564 ipso
894 479 1036 568 judicio.
1078 493 1105 540 4.
1129 480 1257 568 Neque

200 589 330 643 tantum
356 602 410 644 me
435 579 644 663 exspectatio
669 580 896 644 accusationis
921 601 1031 654 meae,
1050 601 1257 647 concursus-

201 699 267 764 que
294 691 408 743 tantae
437 678 660 743 multitudinis
681 677 823 766 (quibus
852 700 918 766 ego
943 680 1044 744 rebus
1068 681 1257 745 vehemen-

171 779 328 853 stissime
353 773 547 863 perturbor)
569 793 774 852 commovet,
799 792 965 864 quantum
989 780 1084 844 istius
1108 779 1254 845 insidiae

201 878 365 952 nefariae,
384 900 469 964 quas
490 900 557 942 uno
574 890 726 963 tempore
745 878 840 952 mihi,
852 878 960 952 vobis,
974 878 1036 942 Μ’.
1058 878 1253 955 Glabrioni,

202 979 327 1064 populo
350 978 523 1052 Roman0,
541 977 656 1053 sociis,
675 978 800 1043 exteris
823 978 1030 1053 nationibus,
1049 979 1173 1054 ordini,
1193 1002 1256 1044 no-

201 1078 283 1142 mini
297 1078 443 1164 denique
460 1078 642 1153 senatorio,
658 1078 770 1143 facere
787 1089 949 1144 conatur:
971 1079 1028 1165 qui
1046 1078 1092 1143 ita
1109 1077 1253 1155 dictitat,

200 1177 250 1243 eis
273 1199 348 1243 esse
375 1179 606 1254 metuendum,
630 1177 688 1264 qui
715 1179 807 1264 quod
834 1177 917 1264 ipsis
946 1178 1026 1243 solis
1054 1178 1135 1243 satis
1163 1192 1255 1244 esset

157 1279 461 1364 tosurripuissent3
495 1301 531 1344 se
555 1290 686 1344 tantum
711 1278 889 1364 eripuisse,
913 1289 950 1343 ut
973 1278 1008 1343 id
1033 1277 1146 1342 multis
1171 1279 1254 1343 satis

199 1401 276 1444 esse
293 1380 418 1465 possit;
443 1379 528 1444 nihil
551 1401 626 1444 esse
650 1392 718 1444 tam
743 1390 898 1445 sanctum
915 1379 1007 1465 quod
1032 1400 1100 1443 non
1118 1377 1252 1453 violari,

200 1480 285 1546 nihil
302 1492 370 1544 tam
388 1481 553 1544 munitum
571 1481 663 1566 quod
680 1502 747 1544 non
766 1479 958 1568 expugnari
973 1479 1118 1564 pecunia
1132 1479 1251 1563 possit.

244 1596 271 1642 a.
333 1583 399 1647 uod
437 1581 463 1646 si
501 1603 604 1668 quam
642 1582 758 1645 audax
789 1591 840 1645 est
871 1581 915 1645 ad
946 1580 1154 1651 conandum,
1182 1589 1251 1642 tam

201 1693 290 1748 esset
313 1683 477 1747 obscurus
502 1682 535 1745 in
561 1683 710 1768 agend0,
738 1681 878 1746 fortasse
908 1681 1022 1766 aliqua
1053 1680 1089 1743 in
1121 1700 1156 1742 re
1189 1701 1252 1743 nos

157 1798 186 1852 ¹5
202 1783 385 1869 aliquando
408 1782 593 1847 fefellisset.
643 1782 772 1846 Verum
796 1783 861 1864 hoc
878 1782 992 1846 adhuc
1009 1779 1251 1865 percommode

201 1884 303 1957 cadit,
330 1884 421 1968 quod
449 1904 525 1946 cum
560 1882 750 1947 incredibili
783 1881 856 1970 ejus
888 1881 1032 1945 audacia
1065 1879 1251 1966 singularis

201 1984 338 2049 stultitia
363 1983 543 2070 conjuncta
568 1995 630 2046 est.
679 1982 786 2055 Nam,
804 1993 840 2045 ut
862 1993 998 2066 apertus
1015 1981 1049 2046 in
1066 1979 1252 2064 corripien-

200 2084 253 2149 dis
278 2083 431 2169 pecuniis
455 2083 528 2155 suit,
551 2082 600 2146 sic
624 2082 658 2146 in
683 2105 743 2166 spe
768 2082 1008 2168 corrumpendi
1028 2080 1149 2169 judici,
1174 2101 1252 2164 per-

201 2185 320 2270 spicua
340 2205 401 2248 sua
419 2183 560 2248 consilia
578 2194 787 2268 conatusque
803 2183 960 2247 omnibus
978 2182 1067 2246 fecit.
1088 2243 1089 2248 ,
1117 2179 1250 2256 Semel,

154 2299 185 2335 ²0
201 2285 259 2358 ait,
285 2306 322 2349 se
349 2284 384 2348 in
408 2284 476 2347 vita
504 2282 730 2368 pertimuisse,
757 2276 827 2346 tum
856 2303 933 2346 cum
965 2283 1113 2366 primum
1142 2302 1162 2346 a
1195 2303 1251 2346 me

200 2407 278 2450 reus
302 2386 411 2450 sactus
439 2385 500 2455 sit;
529 2384 633 2468 quod,
658 2404 735 2446 cum
761 2403 779 2446 e
804 2383 978 2468 provincia
1002 2403 1122 2447 recens
1147 2395 1249 2456 esset,

200 2486 395 2572 invidiaque
419 2498 451 2549 et
474 2483 615 2547 infamia
639 2505 706 2547 non
732 2482 871 2556 recenti,
890 2483 952 2548 sed
973 2494 1086 2547 vetere
1111 2503 1152 2548 ac
1176 2483 1252 2547 diu-

199 2599 298 2653 turna
337 2585 511 2672 flagraret,
544 2596 629 2656 tum,
663 2583 706 2647 ad
740 2583 908 2670 judicium
946 2584 1249 2669 corrumpendum,

200 2701 333 2772 tempus
352 2687 499 2749 alienum
521 2683 720 2747 offenderet.
768 2697 796 2743 6·
819 2681 951 2769 Itaque,
970 2704 1048 2747 cum
1071 2706 1137 2771 ego
1159 2684 1251 2749 diem

153 2799 183 2852 ²5
200 2789 234 2852 in
253 2786 406 2852 Siciliam
429 2783 621 2870 inquirendi
648 2782 871 2869 perexiguam
898 2783 1172 2868 postulavissem.
1200 2784 1253 2848 in-

198 2888 292 2953 venit
316 2886 390 2959 iste,
409 2885 466 2970 qui
491 2884 553 2949 sibi
579 2884 613 2947 in
637 2881 808 2947 Achaiam
830 2883 934 2948 biduo
951 2883 1142 2948 breviorem
1159 2885 1252 2950 diem

201 2989 524 3074 postularet-non
553 2995 590 3047 ut
614 2983 644 3049 is
672 2983 762 3048 idem
795 2985 978 3048 conficeret
1009 2984 1187 3071 diligentia
1219 2999 1253 3052 et

200 3088 364 3156 industria
381 3107 443 3152 sua
460 3086 550 3172 quod
568 3105 633 3171 ego
657 3106 732 3149 meo
755 3085 871 3150 labore
893 3097 926 3150 et
942 3085 1067 3172 vigiliis
1087 3107 1252 3153 consecu-

199 3203 253 3256 tus
270 3212 359 3261 sum,
378 3186 501 3251 etenim
524 3186 581 3249 ille
604 3183 781 3249 Achaicus
806 3185 983 3270 inquisitor
1007 3205 1049 3250 ne
1075 3184 1253 3252 Brundisi·

152 3299 183 3352 30
202 3314 258 3356 um
271 3289 409 3376 quidem
428 3285 600 3372 pervenit3
624 3306 690 3372 ego
707 3284 861 3350 Siciliam
880 3296 982 3349 totam
1001 3285 1251 3374 quinquaginta

201 3392 320 3458 diebus
345 3389 394 3453 sic
417 3387 498 3461 obii,
518 3398 554 3450 ut
577 3386 729 3450 omnium
752 3387 955 3470 populorum
974 3385 1251 3473 privatorumque

200 3493 314 3557 literas
333 3488 540 3576 injuriasque
558 3508 824 3573 cognoscerem3
849 3498 885 3551 ut
901 3486 1119 3570 perspicuum
1142 3488 1251 3552 cuivis

200 3613 275 3656 esse
300 3601 426 3676 posset,
451 3588 624 3651 hominem
643 3587 685 3650 ab
702 3586 766 3650 isto
783 3586 974 3671 quaesitum
999 3608 1086 3660 esse,
1108 3609 1174 3651 non
1191 3587 1249 3673 qui

202 3712 297 3756 reum
314 3711 412 3753 suum
431 3689 626 3759 adduceret,
642 3687 702 3750 sed
715 3686 772 3772 qui
791 3708 903 3749 meum
921 3697 1053 3769 tempus
1070 3687 1248 3751 obsideret.

153 3794 184 3847 35
247 3809 299 3853 ιιι.
324 3803 351 3849 ι.
376 3789 479 3851 Nunc
493 3789 594 3851 homo
613 3785 861 3850 audacissimus
879 3796 979 3869 atque
997 3786 1250 3850 amentissimus

203 3889 269 3954 hoc
299 3889 436 3975 cogitat.
486 3885 657 3972 Intellegit
694 3906 748 3950 me
785 3884 831 3948 ita
869 3896 1023 3968 paratum
1061 3897 1162 3971 atque
1199 3886 1249 3950 in·
