2716 4266
118 225 194 270 HV·
207 214 266 288 3⁸]
327 215 531 284 Resolutr‘on
555 217 604 306 qs
623 214 659 284 T
652 215 762 282 hanks
785 216 860 283 and
878 215 1019 284 Honor.
1114 235 1180 308 249

140 469 143 474 .
174 437 249 484 xrv.
275 435 322 484 aa.
345 416 429 496 Sed,
447 429 485 484 ut
506 417 691 506 aliquando
711 416 877 486 sententia
894 418 1115 506 complectar,
1133 417 1181 486 ita

118 539 255 586 censeo
267 543 276 587 z

176 667 258 729 Cum
280 668 317 730 C.
334 669 435 729 Pansa
451 670 571 740 consul,
593 669 774 748 imperator,
797 669 921 728 initium
944 689 1015 728 cum
1037 669 1180 730 hostibus

118 761 318 841 confligendi
332 761 447 830 fecerit,
457 779 523 840 'quo
534 761 654 838 proelio
668 761 750 838 legio
762 759 878 818 Martia
891 759 1068 838 admirabili
1083 762 1181 818 incre·

119 851 281 929 dibilique
298 853 409 910 virtute
425 849 601 908 libertatem
616 851 726 929 populi
743 847 880 908 Romani
897 851 1078 922 defenderit,
1096 851 1181 928 quod

120 943 213 1000 idern
236 913 376 1022 legioneii
398 943 535 1000 tironum
557 941 705 1011 fecerint3
729 941 858 1020 ipseque
881 938 918 1000 C.
935 939 1037 999 Pansa
1060 941 1180 1014 consul,

119 1033 310 1109 imperator,
325 1051 397 1092 cum
410 1032 493 1090 inter
508 1033 611 1090 media
626 1032 762 1090 bostium
781 1032 842 1090 tela
856 1040 1040 1102 versaretur,
1055 1031 1181 1089 volnera

120 1124 304 1202 acceperit3
327 1143 462 1200 cumque
484 1121 527 1182 A.
550 1121 675 1181 Hirtius
696 1123 815 1192 consul,
838 1122 1018 1200 imperator,
1043 1119 1181 1200 [proelio

119 1213 264 1294 audito,]
291 1233 325 1274 re
355 1215 492 1292 cognita,
517 1213 687 1272 fortissimo
714 1213 1046 1290 praestantissimoque
1074 1215 1181 1271 animo

119 1308 301 1364 exercitum
330 1306 439 1364 castris
461 1305 613 1375 eduxerit,
635 1305 851 1382 impetumque
881 1305 913 1360 in
933 1301 982 1362 M.
1004 1301 1181 1361 Antonium

119 1398 362 1474 exercitumque
377 1396 514 1454 hostium
529 1395 647 1463 fecerit,
658 1395 785 1472 ejusque
800 1394 1086 1472 copiasoccidione
1100 1394 1180 1452 occi-

120 1488 219 1559 derit,
236 1507 292 1546 suo
307 1487 444 1546 exercitu
460 1487 502 1545 ita
518 1487 668 1545 incolumi
684 1494 719 1544 ut
737 1505 776 1544 ne
791 1504 889 1542 unum
904 1484 1031 1561 quidem
1049 1485 1180 1543 militem

122 1578 330 1648 desiderarit3
351 1595 397 1643 ar.
418 1597 553 1655 crrmque
568 1573 606 1636 C.
622 1573 740 1635 Caesar
756 1595 814 1654 pro
829 1585 981 1653 praetore,
998 1577 1180 1652 imperator,

122 1669 261 1728 consilio
277 1670 500 1747 diligentiaque
516 1687 572 1726 sua
590 1676 691 1726 castra
709 1666 840 1725 feliciter
862 1665 1044 1735 defenderit,
1061 1666 1181 1742 copias·

123 1781 190 1839 que
205 1761 342 1819 hostium
354 1780 434 1839 quae
446 1760 486 1818 ad
498 1768 598 1818 castra
610 1766 804 1817 accesserant
815 1756 1001 1834 profligarit,
1011 1757 1160 1815 occiderit
1171 1774 1179 1827 ;

121 1850 218 1909 —ob
239 1871 292 1911 eas
312 1871 360 1910 res
379 1860 520 1910 senatum
542 1851 722 1908 existimare
744 1857 774 1906 et
791 1848 933 1925 judicare
954 1865 1062 1904 eorum
1085 1848 1179 1905 trium

124 1943 356 2020 imperatorum
371 1944 494 2013 virtute,
511 1941 655 2018 imperio,
666 1938 807 2010 consilio,
822 1938 984 2015 gravitate,
995 1938 1179 2012 constantia,

124 2035 345 2111 magnitudine
354 2034 462 2105 animi,
472 2032 630 2101 felicitate,
640 2029 794 2108 populum
805 2028 987 2086 Romanurn
999 2028 1179 2088 foedissima

124 2125 405 2202 crudelissimaque
418 2122 563 2182 servitute
573 2121 750 2180 liberatum.
775 2116 920 2196 Cumque
929 2136 995 2176 rem
1006 2117 1178 2196 publicam,

123 2213 249 2285 urbem,
265 2216 382 2293 templa
397 2214 527 2274 deorum
549 2212 787 2282 immortalium,
802 2209 884 2267 bona
899 2209 1098 2286 fortunasque
1113 2229 1179 2267 om-

124 2306 215 2364 niurn
239 2304 414 2384 liberosque
433 2304 646 2364 conservarint
666 2300 868 2360 dimicatione
890 2307 921 2357 et
941 2299 1081 2377 periculo
1095 2300 1177 2358 vitae

123 2415 212 2469 suae,
235 2398 279 2456 uti
310 2396 352 2455 ob
379 2415 433 2456 eas
459 2415 520 2468 res,
544 2393 624 2453 bene
652 2392 771 2450 fortiter
798 2390 990 2467 feliciterque
1010 2398 1123 2467 gestas,
1149 2388 1177 2450 C

123 2487 230 2547 Pansa
251 2488 293 2549 A.
316 2488 442 2547 Hirtius
463 2486 617 2556 consules,
634 2485 849 2560 imperatores,
867 2480 945 2538 alter
966 2479 1108 2550 ambove,
1123 2488 1178 2540 aut

126 2579 172 2656 (si
194 2579 337 2657 aberunt)
354 2579 403 2638 M.
426 2576 594 2647 Cornutus,
614 2581 740 2652 praetor
761 2569 909 2641 urbanus,
932 2569 1178 2647 supplicationes

123 2689 183 2748 per
210 2671 277 2729 dies
304 2671 532 2749 quinquaginta
568 2666 608 2724 ad
643 2663 751 2721 omnia
785 2660 963 2738 pulvinaria
997 2660 1174 2720 constituat.

122 2779 171 2826 ³8.
186 2759 332 2841 Cumque
342 2763 440 2821 virtus
455 2761 615 2839 legionum
632 2756 728 2832 digna
740 2751 921 2812 clarissimis
936 2751 1176 2828 imperatoribus

123 2855 286 2926 exstiterit,
303 2863 455 2924 senatum,
466 2870 558 2930 quae,
571 2851 611 2908 sit
625 2855 716 2906 antea
729 2843 887 2922 pollicitus
902 2839 1077 2919 legionibus
1089 2861 1175 2901 exer-

125 2943 301 3024 citibusque
323 2946 446 3016 nostris,
461 2963 498 3002 ea
520 2960 644 3002 summo
666 2936 769 2996 studio
791 2953 824 2993 re
845 2931 972 3012 publica
993 2943 1175 3009 recuperata

123 3035 308 3096 soluturum.
359 3033 505 3113 Cumque
527 3033 610 3111 legio
631 3029 749 3090 Martia
770 3025 917 3104 princeps
938 3041 1010 3080 cum
1032 3021 1174 3083 hostibus

124 3126 311 3199 conflixerit,
327 3136 420 3205 atque
442 3128 484 3185 ita
506 3144 578 3184 curn
601 3122 718 3202 majore
740 3134 871 3176 numero
891 3113 1026 3172 hostium
1049 3122 1174 3173 conten-

122 3215 219 3287 derit,
230 3224 268 3277 ut
282 3237 353 3277 cum
369 3218 523 3297 plurimos
540 3216 714 3285 caederent,
730 3209 877 3270 caderent
898 3223 960 3264 non
983 3203 1070 3274 nulli,
1087 3223 1172 3264 cum·

122 3325 185 3384 que
197 3309 263 3368 sine
272 3309 335 3367 ulla
347 3309 563 3368 retractatione
574 3325 632 3384 pro
642 3303 743 3383 patria
753 3300 850 3359 vitam
862 3293 1056 3376 profuderint
1067 3311 1074 3364 ;
1087 3314 1172 3353 cum·

122 3415 184 3474 que
206 3399 301 3458 simili
322 3399 436 3457 virtute
457 3398 648 3475 reliquarum
675 3395 834 3472 legionum
857 3387 973 3446 milites
993 3401 1051 3463 pro
1072 3385 1171 3445 salute

121 3498 153 3548 et
181 3489 322 3550 libertate
350 3491 459 3570 populi
483 3490 620 3548 Romani
650 3496 782 3546 mortem
808 3479 1028 3562 oppetiverint,
1051 3481 1168 3538 senatui

121 3579 246 3656 placere
267 3591 302 3641 ut
316 3579 354 3641 C.
370 3581 473 3639 Pansa
486 3579 530 3639 A.
546 3578 671 3637 Hirtius
692 3576 846 3645 consules,
862 3575 1078 3650 imperatores,
1094 3569 1171 3628 alter

121 3669 266 3742 ambove,
277 3673 301 3730 si
317 3673 363 3730 eis
377 3671 529 3741 videatur,
539 3670 584 3728 eis
594 3669 648 3747 qui
664 3667 849 3744 sanguinem
862 3683 919 3742 pro
928 3662 1004 3733 vita,
1016 3659 1169 3733 libertate,

119 3759 252 3821 fortunis
270 3762 379 3839 populi
396 3761 545 3831 Romani,
559 3779 618 3838 pro
638 3757 726 3827 urbe,
741 3755 868 3833 templis
888 3754 1017 3813 deorum
1042 3752 1170 3809 immor-

121 3851 231 3911 talium
253 3852 474 3930 profudissent,
496 3851 725 3908 monimentum
747 3864 842 3923 quam
865 3843 1096 3921 amplissimum
1125 3841 1169 3899 lo·

119 3942 257 4002 candum
278 3942 522 4019 faciundumque
550 3947 676 4008 curent3
705 3943 948 4014 quaestoresque
968 3932 1105 3990 urbanos
1127 3933 1167 3991 ad
