2716 4266
127 187 157 226 x·
174 173 230 244 32]
369 175 404 241 Τ
398 175 441 242 te
468 173 678 264 Judgments
702 177 749 264 uf
762 176 949 266 Posterity.
1116 193 1183 264 219

125 374 264 452 Nilum,
292 398 430 466 pugnas
461 377 734 453 innumerabilis,
767 377 976 443 incredibilis
1008 376 1180 452 victorias,

125 477 351 552 monimenta,
379 498 534 552 munera,
558 478 749 562 triumphos
773 478 951 542 audientes
976 489 1008 542 et
1028 478 1181 566 legentes

124 588 215 641 tuos.
263 595 311 642 aa.
335 576 406 643 Sed
424 578 488 642 nisi
506 579 592 644 haec
615 579 697 642 urbs
721 578 868 644 stabilita
892 578 958 642 tuis
983 579 1132 644 consiliis
1150 590 1183 644 et

125 676 286 744 institutis
300 678 373 753 erit,
389 678 570 764 vagabitur
589 679 689 743 modo
706 689 799 742 tuum
818 699 943 744 nornen
961 678 1064 766 longe
1082 691 1181 766 atque

124 777 216 840 late:
242 779 358 842 sedem
377 779 533 842 stabilem
553 789 586 842 et
605 777 816 842 domicilium
837 795 967 843 certum
987 801 1055 843 non
1076 780 1182 843 habe·
1200 800 1216 858 ς

100 875 188 940 ‚bit
237 876 310 942 Erit
327 877 413 941 inter
429 899 488 942 eos
504 879 606 942 etiam
623 877 681 963 qui
699 891 895 954 nascentur,
914 878 1000 943 sicut
1016 879 1103 943 inter
1119 901 1181 944 nos

124 975 202 1049 suit,
222 999 349 1064 magna
382 977 562 1054 dissensi0‚
592 998 671 1043 cum
700 978 758 1041 alii
787 979 945 1044 laudibus
974 979 1018 1044 ad
1048 980 1181 1044 caelum

123 1097 183 1140 res
206 1087 282 1142 tuas
307 1089 422 1165 gestas
439 1076 594 1152 efferent,
614 1077 671 1142 alii
689 1078 831 1144 sortasse
848 1079 976 1166 aliquid
994 1079 1178 1166 requirent,

123 1175 231 1262 idque
249 1179 302 1242 vel
320 1177 523 1252 maximum,
542 1177 606 1242 nisi
624 1179 705 1244 belli
723 1179 831 1244 civilis
852 1179 1049 1245 incendium
1073 1181 1181 1244 salute

124 1278 259 1362 patriae
294 1277 503 1354 restinxeris,
529 1279 676 1345 utillud
703 1279 761 1345 sati
787 1279 892 1346 suisse
918 1281 1087 1355 videatur,
1115 1281 1236 1353 hoc10

126 1377 260 1442 consili.
311 1377 410 1459 Servi
430 1378 533 1466 igitur
561 1379 610 1444 eis
642 1381 745 1446 etiam
765 1379 952 1468 judicibus,
979 1379 1038 1466 qui
1067 1380 1181 1444 multis

127 1489 204 1562 post
221 1478 368 1543 saeculis
385 1479 427 1544 de
444 1491 476 1544 te
496 1479 712 1568 judicabunt,
731 1492 764 1545 et
779 1480 918 1566 quidem
940 1480 1032 1545 haud
1050 1479 1120 1545 scio
1138 1500 1181 1544 an

126 1577 356 1663 incorruptius
383 1601 487 1665 quam
514 1602 587 1646 nos.
635 1579 727 1644 Nam
754 1591 786 1645 et
814 1580 887 1646 sine
916 1600 1031 1644 amore
1052 1592 1084 1644 et
1108 1580 1181 1644 sine

126 1678 312 1762 cupiditate
329 1691 362 1744 et
378 1701 495 1745 rursus
512 1680 585 1746 sine
597 1680 676 1744 odio
690 1691 722 1744 et
735 1679 809 1744 siue
822 1679 950 1744 invidia
963 1679 1179 1768 judicabunt.

125 1795 176 1843 ao.
200 1778 370 1845 [dautem
388 1781 490 1844 etiam
508 1780 534 1846 si
560 1792 631 1845 tum
653 1782 696 1844 ad
721 1791 766 1856 te,
785 1792 822 1845 ut
844 1780 985 1866 quidam
1009 1778 1095 1844 salso
1119 1800 1182 1864 pu·
1204 1805 1233 1862 ¹5

126 1894 214 1954 tant,
233 1901 299 1944 non
317 1880 508 1966 pertinebit,
526 1901 618 1945 nunc
635 1892 725 1945 certe
743 1879 887 1965 pertinet
904 1901 979 1944 esse
1003 1892 1035 1944 te
1059 1881 1178 1956 talem,

126 1995 165 2047 ut
184 1994 259 2046 tuas
277 1981 397 2045 laudes
413 1981 636 2044 obscuratura
653 1980 747 2044 nulla
764 2001 926 2066 umquam
945 1979 986 2044 sit
1001 1979 1140 2045 oblivio.

174 2103 211 2146 x.
239 2081 406 2146 Diversae
420 2081 610 2146 voluntates
624 2081 749 2146 civium
768 2079 914 2155 suerunt,
930 2079 1179 2166 distractaeque

126 2183 329 2250 sententiae.
379 2179 460 2245 Non
485 2181 575 2246 enim
601 2181 752 2245 consiliis
776 2181 886 2244 solum
912 2191 945 2244 et
968 2180 1100 2256 studiis,
1119 2181 1180 2246 sed

126 2283 233 2348 armis
257 2282 359 2347 etiam
382 2292 415 2346 et
438 2281 557 2346 castris
583 2280 846 2346 dissidebamus.
895 2279 980 2344 Erat
1004 2280 1094 2344 enim
1120 2282 1180 2346 ob·
1200 2298 1235 2338 20

125 2384 271 2449 scuritas
288 2381 459 2469 quaedam
467 2398 478 2454 ς
495 2389 568 2446 erat
580 2391 753 2446 certamen
777 2379 864 2444 inter
888 2379 1094 2446 clarissimos
1118 2380 1180 2445 du-

125 2506 206 2550 ces:
236 2482 331 2549 multi
349 2480 551 2546 dubitabant
566 2481 647 2568 quid
665 2480 830 2564 optimum
855 2489 956 2554 esset,
977 2479 1072 2544 multi
1096 2481 1180 2566 quid

125 2586 192 2651 sibi
224 2583 413 2670 expediret,
443 2580 538 2646 multi
569 2580 651 2666 quid
683 2580 831 2653 deceret,
860 2601 928 2642 non
960 2579 1044 2644 nulli
1077 2580 1178 2644 etiam

124 2686 208 2773 quid
225 2685 353 2750 liceret.
402 2700 443 2748 at.
474 2680 658 2746 Perfuncta
675 2701 729 2743 res
746 2678 883 2764 publica
900 2691 951 2743 est
968 2679 1033 2744 hoc
1053 2679 1180 2744 misero

124 2786 288 2871 fatalique
312 2785 424 2850 bello:
451 2783 531 2850 vicit
555 2781 597 2856 is,
618 2779 675 2866 qui
702 2800 769 2843 non
794 2778 928 2842 fortuna
952 2777 1179 2844 inflammaret
1199 2793 1231 2848 25

124 2886 242 2951 odium
260 2907 372 2960 suurn,
388 2886 448 2950 sed
465 2882 613 2948 bonitate
631 2879 771 2952 leniret;
799 2899 908 2964 neque
926 2878 1037 2942 omnis
1054 2879 1178 2964 quibus

124 2986 231 3052 iratus
255 2996 356 3059 esset,
376 2985 514 3050 eosdem
536 2979 674 3070 [etiam]
703 2977 824 3042 exsilio
841 2989 900 3042 aut
923 2990 1029 3043 morte
1054 2978 1178 3065 dignos

130 3085 312 3172 judicaret.
362 3082 471 3148 Arma
497 3084 540 3146 ab
558 3082 633 3146 aliis
651 3079 773 3166 posita,
793 3078 836 3143 ab
853 3077 928 3142 aliis
945 3090 1061 3162 erepta
1085 3081 1186 3144 sunt.'

125 3184 288 3272 Ingratus
311 3196 363 3249 est
385 3181 719 3271 injustusquercivis,
737 3177 808 3265 qui,
828 3198 1000 3243 armorum
1026 3179 1179 3264 periculo

124 3286 301 3359 liberatus,
329 3283 482 3348 animum
508 3294 624 3346 tamen
649 3281 769 3344 retinet
795 3290 985 3352 armatum3
1010 3290 1047 3343 ut
1075 3279 1177 3344 etiam
1195 3293 1230 3346 30

123 3385 182 3450 ille
200 3385 320 3450 melior
335 3384 377 3448 sit
392 3383 451 3470 qui
468 3383 501 3446 in
520 3381 594 3446 acie
611 3380 745 3453 cecidit,
764 3378 822 3464 qui
840 3378 874 3443 in
891 3399 997 3443 causa
1024 3378 1175 3442 animam

124 3485 286 3570 profudit.
348 3481 450 3569 Quae
474 3481 566 3547 enim
591 3477 778 3566 pertinacia
802 3479 1022 3564 quibusdam,
1054 3479 1175 3544 eadem

126 3585 201 3649 aliis
233 3583 422 3649 constantia
454 3581 560 3647 videri
593 3590 713 3664 potest.
773 3594 820 3642 32.
860 3577 931 3643 Sed
960 3578 1033 3664 jam
1065 3578 1176 3643 omnis

124 3685 232 3749 fracta
253 3683 420 3748 dissensit)
437 3694 487 3746 est
503 3680 618 3754 armis,
632 3679 800 3743 exstincta
826 3677 994 3765 aequitate
1019 3677 1175 3743 victoris:

124 3795 233 3849 restat¹
244 3795 279 3847 ut
295 3804 415 3848 omnes
432 3803 537 3845 unum
555 3780 672 3848 velint,
691 3778 748 3864 qui
770 3778 872 3843 modo
896 3778 1023 3842 habent
1047 3778 1176 3864 aliquid
1193 3788 1227 3847 ³5

123 3905 194 3951 non
210 3885 321 3949 solum
339 3881 540 3968 sapientiae,
560 3879 621 3944 sed
638 3879 740 3942 etiam
757 3877 922 3942 sanitatis.
971 3876 1048 3942 Nisi
1065 3890 1111 3954 te,
1130 3877 1172 3944 C.
