2668 4262
238 231 303 303 154
491 214 638 280 Ca'cero's
661 212 769 278 Exile
792 211 867 275 and
886 208 1039 275 Return.
1131 203 1273 274 [SESTWS.

235 438 346 482 rorem
373 414 534 489 hostium,
561 435 658 498 spem
682 411 940 496 subsidiumque
965 407 1107 493 patriae,
1134 404 1196 470 sed
1219 404 1275 468 duo

235 519 429 602 importuna
460 514 631 601 prodigia,
662 533 747 599 quos
776 522 925 597 egestas,
952 530 1038 594 quos
1066 507 1156 570 aeris
1186 503 1276 568 alieni

237 617 449 703 magnitudO,
469 635 554 700 quos
579 612 713 686 levitaS,
730 633 816 697 quos
838 608 1036 693 improbitas
1059 606 1197 670 tribuno
1218 605 1276 688 ple-

235 719 287 782 bis
304 716 501 781 constrictos
524 713 716 777 addixerat.
767 707 865 792 Quos
878 707 1033 772 homines
1050 705 1078 770 si
1089 742 1133 752 —
1146 704 1182 768 id
1199 701 1277 788 quod

183 839 197 896 5
235 817 336 882 facile
365 817 456 880 sactu
482 815 556 888 fuit,
585 825 619 876 et
635 811 725 898 quod
752 810 824 874 fieri
851 791 979 880 debuit,
1001 803 1162 892 quodque
1189 823 1209 866 a
1234 823 1277 864 me

235 917 352 1002 optimi
385 928 419 980 et
449 913 620 980 fortissimi
656 911 749 976 cives
781 904 1083 996 flagitabant—vi
1115 903 1279 988 armisque

236 1037 467 1103 superassem,
494 1037 562 1080 non
591 1012 735 1078 verebar
759 1031 803 1074 ne
830 1008 907 1094 quis
933 1018 991 1070 aut
1014 1005 1082 1069 vim
1108 1003 1143 1066 vi
1171 1003 1279 1088 depul-

236 1139 309 1182 sam
327 1117 605 1201 reprehenderet,
624 1125 681 1177 aut
704 1110 913 1196 perditorum
931 1107 1056 1171 civium
1077 1103 1152 1192 [vel
1180 1103 1280 1188 potius

237 1217 498 1282 domesticorum
519 1214 683 1301 hostium]
705 1223 848 1276 mortem
866 1218 1045 1272 maereret.
1086 1221 1128 1269 17.
1145 1204 1219 1270 Sed
1235 1225 1281 1267 me

184 1349 216 1390 10
236 1317 296 1380 illa
314 1327 502 1380 moverunt.
553 1313 722 1380 Omnibus
739 1312 773 1376 in
791 1309 1006 1376 contionibus
1027 1307 1086 1371 illa
1108 1306 1200 1370 furia
1222 1306 1282 1370 cla-

237 1418 353 1481 mabat
381 1437 417 1480 se
445 1435 533 1501 quae
565 1414 693 1479 laceret
720 1423 837 1477 contra
863 1410 1006 1475 salutem
1032 1428 1144 1472 meam
1177 1407 1281 1472 facere

237 1529 374 1580 auctore
392 1515 458 1581 Cn.
478 1515 655 1599 Pompeio,
674 1513 864 1578 clarissimo
881 1511 953 1575 viro
978 1509 1130 1596 mihique
1146 1520 1185 1574 et
1200 1527 1281 1572 nunc

235 1629 268 1680 et
299 1616 411 1701 quoad
451 1615 545 1679 licuit
576 1613 795 1678 amicissimo.
859 1611 910 1676 M.
943 1610 1104 1683 Crassus,
1139 1629 1280 1697 quocum

237 1716 320 1779 mihi
336 1737 455 1780 omnes
473 1727 569 1779 erant
585 1713 756 1778 amicitiae
779 1711 1063 1787 necessitudines,
1081 1710 1134 1775 vir
1149 1708 1281 1776 fortissi-

184 1843 215 1900 ¹5
238 1839 326 1889 mus,
346 1817 390 1879 ab
414 1816 534 1880 eadem
560 1815 620 1877 illa
644 1825 738 1898 peste
762 1812 1002 1878 infestissimus
1026 1833 1102 1877 esse
1119 1811 1210 1876 meis
1225 1811 1280 1874 sor-

235 1916 325 1980 tunis
349 1915 622 2000 praedicabatur.
671 1911 713 1978 C.
734 1911 879 1991 Caesar,
893 1911 990 1999 quia
1013 1933 1067 1976 me
1092 1912 1192 1977 nullo
1216 1929 1280 1974 meo
1317 1957 1318 1976 2

236 2015 355 2078 merito
380 2015 511 2078 alienus
538 2034 613 2078 esse
640 2013 797 2087 debebat,
816 2013 1072 2078 inimicissimus
1097 2033 1178 2076 esse
1195 2029 1280 2074 meae
1317 2013 1318 2042 ³

235 2115 334 2178 saluti
353 2114 396 2178 ab
414 2113 535 2178 eodem
553 2113 732 2177 cotidianis
753 2113 968 2178 contionibus
984 2113 1176 2178 dicebatur.
1227 2109 1280 2174 His

236 2235 272 2278 se
289 2213 395 2277 tribus
418 2213 612 2278 auctoribus
636 2212 670 2276 in
693 2213 844 2278 consiliis
867 2213 1059 2299 capiendis,
1079 2211 1280 2300 adjutoribus

182 2339 216 2380 20
237 2314 270 2376 in
294 2335 329 2378 re
353 2313 505 2400 gerenda
530 2333 605 2376 esse
631 2333 773 2376 usurum
799 2312 956 2378 dicebat=
981 2334 1025 2377 ex
1041 2313 1166 2400 quibus
1184 2329 1280 2376 unum

237 2413 363 2477 habere
380 2412 569 2478 exercitum
587 2413 621 2476 in
640 2411 739 2477 Italia
757 2413 969 2488 maximum3
994 2414 1077 2488 duo,
1091 2412 1148 2499 qui
1167 2407 1280 2498 privati

235 2525 306 2578 tum
324 2524 448 2588 essent,
464 2524 496 2577 et
513 2524 647 2597 praesto
664 2535 740 2578 esse
757 2523 790 2577 et
806 2534 942 2598 parare,
958 2513 986 2578 si
1003 2514 1142 2588 vellent,
1157 2510 1277 2578 exerci-

235 2624 305 2677 tum
321 2633 433 2697 posse,
446 2613 548 2698 idque
561 2612 709 2676 facturos
723 2634 799 2677 esse
811 2613 958 2678 dicebat.
991 2629 1031 2676 1⁸.
1044 2612 1080 2676 N
1082 2633 1121 2677 ec
1134 2613 1222 2677 milri
1233 2611 1280 2674 ille

232 2713 399 2801 judicium
417 2712 545 2796 populi,
565 2732 629 2776 nec
646 2712 835 2798 legitimam
854 2712 1003 2799 aliquam
1021 2713 1279 2783 contentionem,

182 2831 215 2886 25
237 2833 300 2876 nec
310 2812 589 2896 disceptationem
602 2821 660 2874 aut
672 2812 1168 2888 causaedictionem,sedvim,
1179 2831 1279 2882 arma,

236 2912 418 2985 exercitus,
434 2911 669 2995 imperatores,
683 2923 795 2976 castra
812 2911 1043 2978 denuntiabat.
1070 2911 1166 2995 Quid
1182 2906 1280 2998 ergo?

235 3012 364 3075 inimici
381 3011 501 3085 oratio,
521 3031 611 3074 vana
628 3013 843 3096 praesertim,
862 3024 930 3078 tam
948 3013 1103 3097 improbe
1119 3011 1155 3076 in
1172 3011 1282 3076 claris-

236 3112 340 3177 simos
356 3111 446 3176 viros
472 3109 626 3198 conjecta
656 3132 710 3176 me
739 3111 875 3178 movit?
925 3111 986 3178 Me
1002 3134 1084 3178 vero
1105 3134 1174 3177 non
1198 3110 1279 3175 illius

235 3212 355 3290 oratio,
373 3211 433 3276 sed
457 3233 576 3276 eorum
601 3212 825 3288 taciturnitas,
843 3212 878 3278 in
902 3235 989 3300 quos
1012 3213 1072 3277 illa
1095 3212 1202 3278 oratio
1217 3223 1280 3276 tam

183 3327 218 3380 30
236 3312 391 3397 improba
420 3311 679 3377 conserebatur:
705 3313 763 3399 qui
789 3325 874 3385 tum,
897 3334 1106 3401 quamquam
1133 3313 1178 3378 ob
1203 3310 1278 3376 alias

237 3433 358 3476 causas
384 3413 556 3487 tacebant,
584 3426 698 3476 tamen
733 3414 928 3478 hominibus
955 3413 1071 3478 omnia
1094 3411 1278 3478 timentibus

236 3513 381 3577 tacendo
399 3512 504 3598 loqui,
524 3534 593 3577 non
611 3513 789 3578 infitiando
806 3512 958 3578 confiteri
974 3513 1188 3579 videbantur.
1231 3507 1276 3574 Illi

237 3623 350 3676 autem
369 3612 436 3676 alio
460 3625 530 3676 tum
548 3613 669 3676 timore
693 3613 859 3696 perterriti
888 3612 996 3700 [quod
1021 3624 1097 3678 acta
1113 3612 1171 3676 illa
1187 3623 1276 3696 atque

237 3711 347 3775 omnis
365 3733 428 3777 res.
438 3712 518 3774 anni
536 3711 720 3795 superioris
743 3712 942 3776 labefactari
959 3734 979 3776 a
996 3713 1216 3797 praetoribus,
1234 3711 1275 3772 in·

184 3818 217 3872 35
238 3811 366 3874 firmari
384 3831 404 3873 a
421 3820 542 3873 senatu
567 3821 668 3893 atque
690 3809 900 3894 principibus
922 3811 1066 3877 civitatis
1089 3809 1274 3897 putabant}

237 3909 410 3973 tribunum
441 3906 641 3990 popularem
667 3925 688 3970 a
716 3927 753 3970 se
782 3908 933 3974 alienare
961 3911 1135 3987 nolebant,
1159 3927 1275 3997 suaque

169 4122 248 4226 Ι
