2716 4266
201 217 265 286 224
532 198 620 266 Pleu
637 199 704 283 for
726 199 912 286 Ligarius.
1129 196 1255 267 [Ltcan.
1339 269 1340 278 ,

200 399 322 464 mentis
346 400 507 466 dedisset.
555 418 582 466 s.
601 399 705 476 Vide,
727 421 869 487 quaes0,
890 398 1043 475 Tuber0‚
1065 411 1102 464 ut
1125 399 1186 486 qui
1212 399 1254 463 de

201 521 277 563 meo
301 501 390 566 sacto
414 522 482 565 non
507 501 672 576 dubitem,
693 501 736 565 de
761 499 881 588 Ligari
906 522 974 566 non
998 500 1148 565 audeam
1174 521 1254 565 con·
1339 579 1340 586 ἶ

199 600 298 664 fiteri.
347 599 461 687 Atque
494 602 581 666 haec
613 614 793 686 propterea
824 601 868 665 de
901 622 956 664 me
988 599 1072 674 dixi,
1100 612 1139 664 ut
1170 599 1254 662 mihi

199 699 353 775 Tubero,
372 721 450 766 cum
468 702 510 766 de
528 723 565 766 se
578 702 703 767 eadem
722 700 886 775 dicerem,
905 699 1120 788 ignosceret:
1156 698 1255 787 cujus
1339 695 1340 732 ³

145 815 160 871 3
200 821 267 886 ego
295 800 480 866 industriae
508 802 708 890 gloriaeque
737 801 850 876 faveo,
872 802 927 865 vel
954 811 1092 886 propter
1115 799 1257 885 propin·
1339 799 1340 870 l

200 921 304 986 quam
331 902 587 989 cognationem,
607 903 662 966 vel
687 901 780 987 quod
804 901 877 989 ejus
901 900 1040 988 ingenio
1065 899 1256 985 studiisque

201 1000 364 1078 delector,
383 1003 437 1066 vel
461 1003 552 1088 quod
574 1003 711 1082 laudem
739 1001 974 1072 adulescentis*
992 999 1176 1086 propinqui
1197 1021 1257 1063 ex·
1339 1059 1340 1088 ,

201 1099 313 1166 istimo
341 1101 444 1166 etiarn
473 1104 517 1167 ad
549 1123 664 1168 meum
693 1101 843 1189 aliquem
871 1101 1016 1166 fructum
1044 1099 1254 1164 redundare.

180 1219 229 1270 ,9.
248 1201 320 1267 Sed
345 1204 410 1269 hoc
426 1225 576 1290 quaero:
610 1201 699 1285 Quis
723 1212 818 1288 putat
835 1223 911 1266 esse
934 1201 1064 1282 crimen
1090 1200 1198 1266 luisse
1224 1199 1259 1264 in

149 1327 180 1364 ιο
202 1301 343 1372 Africa?
389 1303 526 1389 Nempe
544 1303 660 1390 is„qui
678 1303 805 1388 etipse
829 1301 863 1366 in
888 1301 1008 1368 eadem
1035 1299 1157 1366 Africa
1180 1321 1260 1365 esse

201 1405 321 1478 voluit,
339 1415 372 1469 et
399 1404 607 1489 prohibitum
636 1423 673 1468 se
701 1423 721 1466 a
749 1401 892 1489 Ligario
920 1401 1084 1488 queritur,
1103 1411 1138 1465 et
1165 1411 1260 1465 certe

202 1516 318 1570 contra
335 1503 447 1589 ipsum
465 1503 652 1568 Caesarem
663 1514 721 1568 -est
736 1523 944 1589 congressus
960 1514 1123 1566 armatus.
1161 1499 1260 1586 Quid

203 1605 293 1670 enim
308 1615 396 1668 tuus
422 1605 490 1680 ille,
515 1604 669 1678 Tubero,
694 1603 872 1668 destrictus
895 1602 930 1682 in¹
955 1602 1030 1668 acie
1054 1601 1260 1666 Pharsalica
1339 1593 1340 1658 l

203 1693 505 1793 gladiusagebati
548 1703 657 1791 Cujus
673 1703 762 1768 latus
777 1703 835 1767 ille
852 1723 970 1768 mucro
988 1701 1147 1788 petebat?
1187 1701 1260 1788 Qui

153 1818 182 1870 ¹5
203 1826 325 1878 sensus
345 1815 418 1870 erat
441 1825 613 1868 armorum
638 1801 795 1868 tuorum?
826 1823 915 1888 quae
939 1815 996 1868 tua
1022 1825 1132 1876 mens,
1152 1802 1257 1875 oculi,
1339 1833 1340 1846 κ

204 1927 340 1980 manue,
371 1905 471 1972 ardor
499 1902 626 1971 animi?
660 1903 743 1988 quid
766 1902 952 1987 cupiebas?
985 1903 1067 1989 quid
1089 1901 1259 1988 optabas?

204 2005 318 2080 Nimis
343 2025 471 2092 urgeo:
496 2002 705 2082 commoveri
721 2003 855 2068 videtur
879 2003 1104 2068 adulescens:
1133 2003 1179 2068 ad
1205 2023 1259 2068 me
1339 2007 1340 2080 l

204 2116 375 2172 revertar:
400 2104 509 2170 isdem
527 2103 560 2168 in
577 2102 682 2168 armis
699 2102 760 2167 sui.
1339 2131 1340 2198 ἦ

249 2225 300 2270 1v.
326 2222 369 2269 10.
399 2203 494 2290 Quid
518 2215 632 2269 autern
657 2203 751 2268 aliud
775 2202 925 2290 egimus,
952 2203 1105 2278 Tubero,
1132 2203 1201 2268 nisi
1224 2213 1261 2267 ut

153 2309 187 2350 ²0
204 2306 296 2392 quod
313 2305 369 2371 hic
385 2315 494 2390 potest
510 2326 572 2371 nos
595 2301 796 2388 possemus?
844 2302 1001 2387 Quorum
1016 2303 1123 2390 igitur
1146 2303 1261 2389 impu-

205 2406 305 2480 nitas,
324 2403 468 2480 Caesar,
483 2416 562 2475 tuae
580 2402 783 2468 clementiae
799 2403 874 2469 laus
891 2415 953 2477 est,
969 2398 1086 2480 eorum
1105 2402 1261 2488 ipsorum

206 2505 250 2570 ad
267 2505 501 2572 crudelitatem
519 2515 551 2574 te
576 2502 666 2568 acuit
688 2502 810 2570 oratio.
858 2501 973 2588 Atque
997 2502 1033 2566 in
1058 2504 1124 2568 hac
1150 2523 1261 2568 causa
1339 2543 1340 2546 =

205 2627 274 2674 non
306 2605 391 2680 nihil
423 2604 597 2690 equidem,
616 2601 770 2676 Tuber0,
795 2603 897 2668 etiam
928 2616 1039 2683 tuam,
1057 2603 1133 2684 sed¹
1153 2604 1261 2668 multo
1339 2591 1340 2594 ¹

206 2697 318 2792 magis
330 2704 439 2789 patris
455 2703 502 2768 tui
520 2702 735 2788 prudentiam
753 2702 922 2777 desidero,
937 2704 1028 2790 quod
1046 2704 1163 2784 homo,
1178 2725 1261 2772 cum

155 2807 186 2863 ²5
205 2804 345 2893 ingenio
369 2816 440 2868 tum
465 2803 566 2870 etiam
584 2801 740 2868 doctrina
754 2803 940 2879 excellenS,
959 2824 1070 2890 genus
1087 2805 1153 2870 hoc
1177 2826 1262 2870 cau-

206 2927 265 2974 sae
285 2904 376 2991 quod
396 2914 486 2970 esset
511 2925 579 2968 non
607 2903 739 2968 viderit.
787 2901 882 2968 Nam
910 2902 939 2968 si
967 2903 1118 2980 vidisset,
1135 2906 1261 2992 quovis

176 3086 179 3095 y
205 3005 357 3090 profecto
377 3025 484 3092 quam
509 3003 572 3070 isto
598 3002 698 3068 modo
723 3013 799 3068 ate
824 3002 881 3090 agi
906 3003 1093 3084 maluisset.

250 3103 381 3192 Arguis
398 3105 571 3172 fatentem.
621 3101 704 3168 Non'
727 3115 777 3168 est
793 3103 895 3170 satis:
928 3125 1071 3172 accusas
1094 3125 1175 3171 eum
1199 3106 1259 3194 qui

206 3225 347 3273 causam
374 3205 477 3270 habet
503 3217 560 3268 aut
587 3203 643 3290 (ut
668 3223 737 3290 ego
755 3203 850 3291 dico)
874 3205 1049 3272 meliorem
1076 3227 1180 3292 quam
1206 3219 1258 3283 tu,

155 3313 190 3386 39
206 3317 264 3382 aut
283 3307 338 3394 (ut
354 3319 389 3372 tu
406 3304 474 3390 vis)
496 3325 626 3390 parem.
663 3321 700 3368 11.
729 3303 828 3372 Haec
845 3305 1080 3372 admirabilia:
1104 3306 1167 3372 sed
1179 3327 1255 3393 pro·

206 3406 279 3494 digi
294 3405 404 3471 simile
422 3417 474 3470 est·
487 3405 719 3491 quodvdicam.
767 3404 849 3470 Non
874 3405 977 3472 habet
998 3425 1077 3472 eam
1097 3405 1169 3472 vim
1192 3407 1257 3474 ista

206 3507 379 3580 accusatio
396 3517 432 3570 ut
448 3504 499 3588 Q.
511 3504 673 3594 Ligarius
690 3506 950 3581 condemnetur,
964 3507 1026 3575 sed
1042 3518 1078 3572 ut
1101 3519 1254 3574 necetur.

208 3607 285 3673 Hoc
302 3607 373 3694 egit
392 3605 475 3670 civis
500 3605 682 3673 Romanus
707 3618 784 3670 ante
811 3617 843 3670 te
869 3628 982 3671 nemo.
1031 3603 1174 3672 Externi
1201 3607 1256 3671 isti

208 3727 318 3774 mores
344 3704 517 3789 usquead
542 3705 745 3791 sanguinem
769 3705 901 3770 incitari
923 3704 1179 3792 [solent]-odi0,
1198 3718 1258 3771 aut

157 3817 190 3872 35
209 3804 333 3869 levium
351 3802 576 3880 Graecorum,
594 3815 653 3866 aut
666 3803 868 3868 immanium
885 3805 1137 3890 barbarorum..
1160 3804 1256 3871 Nam

209 3901 288 3985 quid
306 3901 381 3987 agis
399 3898 513 3964 aliud?
560 3899 694 3980 Romae
717 3921 763 3966 ne.
776 3899 839 3964 sit?
863 3913 900 3966 ut
913 3903 1018 3970 domo
1033 3903 1179 3986 careat?
1211 3925 1255 3986 ne
1339 3907 1340 3912 ’
