2714 4266
219 391 427 457 existrmavit
448 414 489 456 ea
513 415 602 480 quae
627 393 844 458 sentiebatis:
880 392 942 458 sed
965 404 1079 456 tamen
1104 379 1140 458 in
1163 395 1281 460 salute
1340 395 1341 474 Q

219 495 392 557 communi
422 493 512 557 idem
541 494 688 577 populus
717 493 898 557 Romanus
926 493 1034 557 dolori
1063 516 1125 558 suo
1153 496 1281 559 maluit

218 614 321 678 quam
355 595 543 657 auctoritati
576 607 708 657 vestrae
741 594 989 678 obtemperare.
1052 594 1171 681 ltaque
1205 617 1279 658 una

218 693 287 767 lex,
307 696 395 758 unus
416 694 478 768 vir,
498 717 585 757 unus
610 716 720 758 annus
746 716 813 758 non
840 695 941 758 modo
965 715 1027 760 nos
1051 695 1108 759 illa
1135 695 1278 760 miseria

188 812 260 878 5ac
276 793 483 877 turpitudine
501 793 669 867 liberavit,
688 794 748 858 sed
766 794 868 856 etiam
887 793 1011 869 effecit,
1030 807 1066 860 ut
1086 795 1277 882 aliquando

217 914 297 957 vere
316 893 512 958 videremur
531 895 689 959 omnibus
713 894 873 980 gentibus
898 914 939 958 ac
964 895 1157 960 nationibus
1182 907 1275 960 terra

218 993 373 1080 marique
397 995 579 1079 imperare.
627 1011 671 1057 57.
696 992 777 1077 Qio
803 993 886 1057 mihi
909 995 1011 1059 etiam
1028 996 1205 1083 indignius
1222 998 1275 1060 vi-

217 1093 316 1158 detur
339 1094 562 1159 obtrectatum
585 1115 660 1160 esse
681 1095 808 1169 adhuc,
821 1093 1026 1160 -Gabinio
1044 1096 1159 1164 dicam
1180 1118 1273 1161 anne

218 1191 396 1279 Pompeio,
411 1216 454 1258 an
468 1195 612 1281 utrique,
627 1193 661 1258 id
678 1195 768 1280 quod
783 1205 834 1259 est
845 1195 1080 1262 veriusi-ne
1098 1198 1273 1284 legaretur

172 1325 202 1359 10
217 1292 264 1358 A.
296 1295 464 1359 Gabinius
496 1294 562 1359 Cn.
594 1292 759 1380 Pompeio
790 1296 962 1380 expetenti
995 1317 1036 1361 ac
1070 1299 1270 1382 postulanti.

219 1393 342 1459 Utrum
370 1395 440 1470 ille,
464 1395 521 1481 qui
550 1395 699 1480 postulat
727 1396 769 1459 ad
798 1407 928 1459 tanturn
956 1396 1083 1461 bellum
1115 1399 1272 1484 legatum

217 1516 318 1582 quem
339 1495 433 1569 velit,
456 1495 598 1558 idoneus
624 1517 690 1560 non
716 1506 766 1560 est
789 1495 846 1582 qui
871 1496 1040 1581 impetret,
1062 1519 1140 1570 cum
1165 1499 1272 1561 ceteri

218 1596 263 1659 ad
290 1596 493 1679 expilandos
522 1595 632 1660 socios
661 1595 937 1682 diripiendasque
966 1597 1158 1680 provincias
1183 1619 1304 1684 quos--

218 1696 399 1759 voluerunt
422 1696 554 1782 legatos
574 1695 754 1759 eduxerint
767 1713 844 1769 ;·an
862 1697 947 1780 ipse,
967 1697 1064 1784 cujus
1081 1697 1158 1784 lege
1175 1699 1271 1762 salus
1319 1729 1339 1780 '.

171 1824 201 1874 ις
218 1815 260 1859 ac
283 1795 433 1882 dignitas
459 1797 585 1881 populo
609 1794 770 1859 Romano
796 1806 895 1881 atque
924 1797 1082 1860 omnibus
1110 1798 1271 1884 gentibus
1331 1801 1339 1876 ς’

218 1897 398 1960 constituta
415 1907 477 1970 est,
496 1917 619 1980 expers
636 1915 711 1960 esse
729 1896 829 1959 debet
845 1897 976 1982 gloriae
994 1894 1067 1984 ejus
1086 1895 1271 1981 imperato-

217 1997 263 2061 ris
287 2009 388 2082 atque
409 1995 481 2084 ejus
502 1996 683 2070 exercitus,
702 1995 759 2082 qui
777 1996 918 2060 consilio
929 1995 1041 2081 ¹ipsius
1059 2017 1100 2060 ac
1116 1997 1272 2082 periculo

217 2109 267 2162 est
298 2095 519 2162 constitutus?
565 2111 610 2158 58.
634 2095 691 2159 An
720 2094 761 2160 C.
793 2095 980 2171 Falcidius,
1012 2093 1065 2180 Q
1091 2095 1267 2171 Metellus,

218 2194 272 2283 Q.
300 2197 441 2263 Caelius
473 2195 694 2270 Latiniensis,
728 2194 795 2259 Cn.
830 2194 1010 2270 Lentulus,
1040 2218 1125 2282 quos
1156 2197 1269 2262 omnis

169 2324 201 2358 κο
217 2299 355 2362 honoris
373 2319 477 2362 causa
496 2295 646 2370 nomino,
662 2317 740 2360 cum
758 2295 881 2358 tribuni
899 2295 989 2380 plebi
1007 2295 1161 2371 fuissent,
1177 2319 1269 2363 anno

217 2400 374 2484 proximo
396 2397 500 2486 legati
525 2418 600 2461 esse
625 2407 826 2481 potuerunt:
856 2380 890 2458 in
916 2417 984 2460 uno
1012 2395 1162 2462 Gabinio
1189 2410 1268 2462 sunt

215 2512 284 2564 tam
313 2500 508 2586 diligentes,
536 2497 594 2584 qui
622 2497 656 2560 in
682 2497 748 2560 hoc
771 2496 874 2570 bello,
899 2496 991 2581 quod
1015 2496 1093 2582 lege
1117 2495 1267 2562 Gabinia

216 2601 358 2688 geritur,
383 2600 416 2664 in
442 2601 508 2663 hoc
532 2597 735 2683 imperatore
760 2607 861 2681 atque
887 2596 1051 2670 exercitu,
1075 2618 1177 2683 quem
1206 2619 1267 2682 per

215 2723 277 2766 vos
300 2701 373 2786 ipse
397 2697 581 2770 constituit,
600 2697 702 2761 etiam
720 2696 906 2781 praecipuo
919 2695 995 2783 jure
1012 2717 1088 2760 esse
1105 2697 1265 2762 deberet?

165 2823 196 2875 25
217 2801 270 2866 De
286 2824 354 2888 quo
370 2801 520 2888 legando
537 2797 696 2862 consules
713 2817 814 2881 spero
838 2796 881 2859 ad
906 2809 1061 2860 senatum
1086 2797 1262 2864 relaturos.

217 2899 287 2985 Qui
315 2902 342 2966 si
367 2901 569 2966 dubitabunt
594 2908 651 2961 aut
675 2896 921 2984 gravabuntur,
944 2917 1010 2983 ego
1031 2919 1084 2960 me
1107 2898 1266 2980 profiteor

215 3003 411 3065 relaturum.
461 2999 585 3086 Neque
603 3018 656 3062 me
677 2995 840 3080 impediet
863 2995 1064 3083 cujusquam
1089 2995 1263 3063 inimicum

215 3101 376 3176 edictum,
402 3122 470 3188 quo
498 3099 610 3162 minus
638 3097 733 3163 vobis
759 3096 863 3160 fretus
887 3109 1036 3160 vestrum
1057 3096 1114 3184 jus
1136 3097 1264 3162 benefi-

221 191 264 274 78
445 191 624 279 Pompcy’s
647 191 813 278 mitary
843 191 1042 257 Command.
1131 159 1281 261 '‘[Mnnn.
1340 207 1341 270 3

215 3203 373 3289 ciumque
386 3200 590 3273 delendam3
612 3219 723 3285 neque
738 3209 872 3282 praeter
882 3197 1158 3262 intercessionem
1171 3198 1263 3283 quic·
1340 3187 1341 3256 Ϊ

164 3323 197 3376 30
214 3323 317 3388 quam
336 3301 488 3375 audiam,
503 3300 545 3364 de
558 3319 626 3385 qua
643 3299 698 3384 (ut
714 3297 874 3381 arbitror)
892 3297 944 3360 isti
962 3297 1039 3381 ipsi,
1054 3296 1111 3384 qui
1132 3297 1263 3362 minan·

214 3413 279 3477 tur,
299 3401 401 3466 etiam
418 3411 518 3485 atque
536 3399 637 3463 etiam
654 3396 736 3484 quid
753 3396 854 3461 liceat
871 3397 1145 3461 considerabunt.
1181 3395 1261 3463 Mea
1340 3401 1341 3466 j

214 3503 351 3591 quidem
384 3499 562 3572 sententia,
594 3495 758 3580 QuiriteS,
790 3517 877 3560 unus
909 3495 954 3559 A.
985 3496 1155 3562 Gabinius
1182 3498 1260 3563 belli
1340 3529 1341 3582 q

214 3600 375 3666 maritimi
416 3620 596 3684 rerumque
636 3608 811 3683 gestarum
848 3595 915 3660 Cn.
953 3594 1117 3681 Pompeio
1151 3597 1260 3664 socius

214 3702 404 3772 ascribitur,
424 3710 602 3783 propterea
622 3696 713 3779 quod
739 3696 823 3758 alter
848 3695 905 3758 uni
930 3695 1014 3759 illud
1037 3698 1167 3761 bellum
1190 3719 1260 3764 sus·
1340 3709 1341 3752 ἐ

165 3821 196 3872 35
215 3799 409 3883 cipiendum
433 3797 553 3861 vestris
577 3793 751 3880 suffragiis
772 3793 904 3867 detulit,
922 3794 1007 3858 alter
1022 3795 1173 3860 delatum
1190 3819 1260 3864 sus·

215 3911 419 3982 ceptumque
444 3894 600 3961 confecit.
