2716 4266
103 193 324 263 mim-105]
362 194 452 260 Last
474 193 621 282 Appeal
639 203 673 259 to
697 193 754 258 the
781 193 901 258 Court.
1096 207 1161 278 209

156 415 312 459 xxxvru.
340 396 478 461 Utinam
496 396 529 460 di
547 395 755 459 immortales
769 393 1078 480 fecissent-pace
1088 403 1159 466 tua,

103 497 233 581 patria,
251 497 418 570 dixerim3
445 509 557 559 metuo
575 495 664 558 enim
684 517 726 558 ne
743 495 907 558 scelerate
932 494 1043 558 dicam
1069 493 1104 557 iu
1129 506 1161 557 te

103 597 201 680 quod
220 618 280 680 pro
298 595 430 659 Milone
450 595 564 658 dicam
588 596 642 681 pie
656 633 698 642 --
711 596 840 658 utinam
866 593 905 658 Ρ.
925 593 1068 658 Clodius
1093 617 1162 659 non

105 697 213 758 modo
231 697 369 784 viveret,
388 696 449 759 sed
467 696 568 759 etiam
586 708 733 780 praetor,
752 696 884 770 consul,
900 697 1042 761 dictator
1058 708 1159 771 esset,

105 797 223 882 potius
254 818 357 882 quam
391 798 458 860 hoe
489 797 722 882 spectaculum
754 797 928 862 viderem!
975 815 1037 862 104.
1071 797 1161 864 Odi
1178 831 1193 886 ς

105 895 341 959 immortales!
367 895 486 960 sortem
508 908 540 959 et
559 917 578 959 a
598 896 707 971 vobis,
722 897 870 985 judices,
889 901 1162 966 conservandum

105 996 244 1060 viruml
272 996 453 1072 ‘Minime,
474 996 638 1071 minime,'
656 998 774 1085 inquit.
825 1001 959 1068 ‘Immo
983 1024 1065 1066 vero
1083 1023 1163 1086 poe·

105 1119 174 1162 nus
201 1097 258 1161 ille
282 1097 414 1161 debitas
439 1098 558 1162 luerit:
591 1121 653 1164 nos
677 1102 875 1178 subeamus,
899 1103 927 1167 si
951 1103 997 1166 ita
1021 1121 1163 1166 necesse

34 1193 42 1213 ¹
107 1213 175 1272 est,
196 1221 262 1264 non
290 1198 445 1264 debitas!
494 1197 618 1265 Hicine
646 1201 710 1276 vir,
730 1204 860 1288 patriae
885 1213 998 1278 natus,
1017 1223 1162 1288 usquam

108 1301 178 1364 nisi
210 1301 244 1362 in
280 1299 389 1385 patria
425 1299 607 1364 morietur?
646 1314 717 1376 aut,
750 1304 779 1368 si
805 1304 903 1379 forte,
937 1326 998 1388 pro
1031 1299 1163 1389 patria?
1183 1337 1215 1378 10

110 1403 228 1491 Hujus
256 1425 316 1468 vos
346 1402 450 1466 animi
480 1416 700 1468 monumenta
729 1405 927 1479 retinebitis,
953 1403 1104 1489 corporis
1128 1403 1164 1466 in

65 1534 68 1539 ·
109 1505 213 1568 Italia
245 1505 377 1568 nullum
403 1505 597 1590 sepulcrum
622 1527 698 1570 esse
723 1504 920 1592 patiemini?
968 1505 1071 1568 Hunc
1101 1525 1164 1568 sua

109 1607 295 1693 quisquam
313 1607 478 1670 sententia
495 1629 539 1670 ex
556 1607 623 1671 hac
639 1607 722 1671 urbe
739 1608 900 1692 expellet,
918 1627 1019 1692 quem
1045 1625 1165 1668 omnes

110 1709 216 1772 urbes
241 1709 421 1794 expulsum
442 1707 574 1772 avobis
599 1707 643 1772 ad
660 1729 696 1772 se
713 1705 905 1773 vocabunt?
950 1724 1010 1770 105.
1044 1705 1076 1770 Ο
1100 1717 1165 1768 ter-

111 1829 187 1872 ram
213 1809 308 1874 illam
328 1811 478 1884 beatam,
496 1830 585 1895 quae
603 1809 695 1872 hunc
711 1808 821 1872 virum
847 1808 1040 1893 exceperit:
1075 1807 1165 1870 hanc
1184 1827 1215 1885 15

112 1910 300 1997 ingratam,
318 1912 345 1976 si
364 1910 520 1998 ejecerit3
547 1909 721 1984 miseram,
740 1908 768 1974 si
786 1906 955 1973 amiserit!

161 2010 232 2076 Sed
253 2012 329 2076 finis
354 2012 415 2076 sit:
448 2033 559 2097 neque
584 2010 675 2075 enim
701 2031 783 2095 prae
807 2009 958 2074 lacrimis
977 2008 1051 2095 jam
1073 2004 1166 2092 loqui

113 2133 269 2197 possum,
298 2124 332 2176 et
362 2112 419 2176 hic
447 2133 483 2176 se
511 2111 662 2175 lacrimis
690 2108 827 2174 delendi
852 2120 954 2174 vetat.
1003 2106 1075 2172 Vos
1107 2127 1166 2171 oro

114 2213 344 2296 obtestorque,
374 2211 521 2299 judices,
550 2222 588 2274 ut
618 2209 652 2273 in
684 2209 859 2273 sententiis
886 2202 1049 2282 ferendis,
1074 2206 1166 2292 quod

115 2311 267 2376 sentietis
299 2312 333 2376 id
366 2311 532 2376 audeatis.
591 2309 752 2374 Vestram
784 2309 956 2384 virtutem,
986 2307 1164 2396 justitiam,
1183 2323 1218 2364 20

115 2412 234 2486 fidem,
258 2411 340 2475 mihi
366 2413 505 2484 credite,
524 2411 553 2475 is
577 2409 727 2474 maxime
752 2409 920 2494 probabit,
938 2407 996 2494 qui
1021 2407 1056 2471 in
1076 2406 1167 2494 judi-

115 2512 213 2577 cibus
245 2512 402 2598 legendis
426 2511 591 2596 optimum
623 2520 656 2576 et
683 2508 972 2596 sapientissimum
1000 2518 1033 2572 et
1057 2506 1167 2573 sortis·

116 2611 242 2677 simum
266 2633 437 2698 quemque
462 2610 578 2698 elegit.
