2668 4262
83 201 121 242 V1·
143 187 199 258 13·]
279 185 340 254 He
363 188 392 252 is
416 187 540 252 braden
566 194 600 251 to
624 185 722 250 leave
745 185 802 251 the
831 184 921 273 City.
1090 186 1137 274 89

81 403 172 456 metu
202 389 376 463 liberabis,
407 389 487 453 durn
517 387 619 453 modo
647 387 734 451 inter
757 407 812 450 me
837 397 938 472 atque
961 399 994 452 te
1019 409 1136 452 murus

79 492 223 556 intersit.
266 489 456 553 Nobiscum
474 488 602 553 versari
616 487 688 575 jam
706 488 832 552 diutius
847 509 913 552 uon
928 501 1043 571 potes:
1068 509 1136 552 non

79 591 204 664 seram,
225 612 294 654 non
316 589 437 673 patiar,
456 611 523 652 non
544 589 667 651 sinam.
717 602 753 647 ιι.
777 587 912 674 Magna
929 588 981 651 dis
999 588 1137 652 immor-

79 691 206 756 talibus
231 691 390 754 habenda
410 702 474 763 est,
492 701 592 774 atque
617 689 695 752 lruic
716 688 779 772 ipsi
795 687 872 773 Jovi
894 686 1031 763 Statori,
1051 687 1137 751 anti-

80 791 247 877 quissimo
271 789 402 854 custodi
428 790 529 876 hujus
552 789 659 856 urbis,
684 789 808 874 gratia,
831 789 923 874 quod
949 789 1039 852 lianc
1066 793 1140 851 tam'
1169 823 1183 875 5

80 902 239 964 taetram,
258 903 327 954 tam
347 889 542 953 horribilem
560 901 698 975 tamque
723 888 880 952 infestam
905 888 953 952 rei
978 887 1136 973 publicae

80 1003 213 1074 pestem
232 990 352 1075 totiens
365 988 437 1076 jam
454 987 652 1076 effugimus.
702 988 783 1053 Nou
797 1001 848 1054 est
863 989 1001 1074 saepius
1017 987 1052 1052 in
1068 1009 1137 1052 uno

81 1092 223 1156 homine
239 1111 373 1154 summa
390 1089 483 1153 salus
500 1090 725 1174 periclitanda
741 1090 790 1154 rei
808 1091 977 1175 publicae.
1020 1088 1136 1173 Quam

81 1191 139 1255 diu
159 1191 243 1254 mihi
260 1190 392 1254 consuli
408 1190 602 1277 designat0‚
621 1189 783 1265 Catilina,
802 1189 980 1266 insidiatus
999 1211 1050 1264 eS,
1070 1211 1137 1252 non

82 1290 222 1375 publico
251 1312 305 1354 me
333 1290 516 1374 praesidio,
540 1291 603 1356 sed
626 1291 758 1376 privata
782 1290 961 1378 diligentia
985 1290 1135 1355 defendi.
1157 1321 1186 1356 ιο

82 1389 173 1456 Curn
205 1391 370 1475 proximis
393 1389 537 1456 comitiis
561 1392 799 1456 consularibus
823 1413 877 1455 me
902 1393 1079 1457 consulem
1103 1389 1138 1453 in

82 1511 209 1576 campo
237 1502 271 1554 et
297 1490 535 1576 competitores
562 1503 637 1555 tuos
662 1491 851 1556 interficere
874 1491 1022 1566 voluisti,
1046 1511 1140 1555 com»

83 1593 194 1675 pressi
226 1604 369 1656 conatus
401 1603 475 1656 tuos
507 1591 656 1656 nefarios
688 1593 876 1656 amicorum
909 1592 1078 1677 praesidio
1106 1602 1140 1656 et

83 1691 206 1775 copiis,
220 1690 314 1755 nullo
330 1692 475 1756 tumultu
492 1692 628 1776 publice
645 1691 833 1756 concitato:
856 1691 1016 1778 denique,
1032 1691 1140 1778 quoti·

84 1811 297 1877 enscumque
316 1812 368 1855 rue
386 1791 509 1875 petisti,
533 1813 593 1876 per
618 1813 672 1858 me
696 1792 755 1857 tibi
778 1793 904 1867 obstiti,
927 1814 1138 1878 quamquam
1160 1820 1188 1870 ις

10 1945 17 1968 .,
84 1891 246 1957 videbam
269 1891 456 1976 perniciem
481 1912 593 1955 meam
619 1913 698 1956 curn
722 1913 849 1979 magna
874 1892 1067 1956 calamitate
1091 1891 1139 1956 rei

85 1992 246 2075 publicae
270 2014 345 2056 esse
369 1991 599 2079 conjunctam.
648 2007 690 2054 12.
714 1991 818 2067 Nunc
838 1991 910 2080 jam
931 2004 1047 2078 aperte
1068 2013 1140 2056 rem

86 2094 261 2177 publicam
289 2093 486 2157 universam
510 2091 617 2176 petis:
649 2094 777 2176 templa
801 2093 941 2158 deorum
967 2093 1141 2157 immorta-

86 2194 184 2268 lium,
200 2207 287 2258 tecta
304 2193 409 2266 urbiS,
425 2193 529 2256 vitam
546 2193 698 2256 omniurn
716 2192 854 2267 civium,
875 2193 1009 2258 ltaliam
1028 2191 1142 2279 [deni-

86 2295 169 2384 que]
193 2307 298 2360 totam
315 2294 358 2358 ad
375 2292 515 2358 exitium
542 2312 582 2356 ac
606 2293 796 2356 vastitatem
819 2315 934 2358 vocas.
986 2292 1066 2378 Qua
1088 2315 1139 2385 re,
1160 2319 1191 2357 ιο
1293 2359 1296 2368 ,

87 2396 249 2481 quoniam
279 2395 314 2476 id
341 2393 434 2480 quod
461 2406 513 2456 est
535 2393 697 2477 primurn,
723 2404 756 2457 et
779 2394 870 2479 quod
896 2394 996 2481 liujus
1020 2394 1141 2478 imperi

87 2496 359 2582 disciplinaeque
381 2493 547 2581 majorum
567 2483 742 2578 proprium
765 2506 827 2566 est,
849 2493 963 2558 facere
987 2495 1142 2558 nondum

88 2599 213 2669 audeo,
237 2596 361 2659 faciam
384 2593 419 2657 id
440 2594 533 2678 quod
549 2592 659 2656 estad
676 2593 889 2657 severitatem
906 2593 1029 2668 leuius
1048 2605 1082 2658 et
1097 2594 1142 2659 ad

89 2717 306 2762 communem
320 2694 464 2760 salutem
479 2693 607 2757 utilius.
644 2690 737 2754 Nam
750 2693 777 2756 si
792 2704 824 2756 te
837 2693 979 2757 interfici
992 2693 1140 2780 jussum,

90 2798 251 2862 residebit
282 2797 316 2859 in
345 2815 381 2858 re
410 2793 547 2879 publica
572 2793 702 2878 reliqua
727 2793 978 2879 conjuratorum
1005 2815 1140 2858 manus.
1163 2819 1194 2872 ²5

91 2895 151 2960 Sin
169 2910 217 2972 tu,
236 2896 328 2982 quod
345 2908 377 2959 te
391 2894 464 2982 jarn
481 2875 610 2958 ffidum
630 2894 755 2966 hortor,
770 2893 907 2966 exieris,
923 2894 1143 2958 exhaurietur

91 3017 134 3060 ex
157 2999 241 3063 urbe
266 3009 399 3060 tuorum
425 2991 587 3060 comitum
608 3013 736 3078 magna
753 3005 786 3056 et
802 2993 992 3078 peruiciosa
1009 2995 1142 3060 sentina

92 3096 139 3160 rei
164 3097 334 3182 publicae.

135 3214 176 3260 1³.
239 3197 297 3261 uid
325 3207 388 3270 est,
414 3192 587 3260 Catilina?
627 3215 710 3257 num
738 3193 873 3258 dubitas
898 3194 931 3260 id
957 3217 1011 3260 me
1035 3195 1144 3282 impe·

93 3311 186 3363 rante
203 3298 331 3370 facere,
350 3296 441 3382 quod
454 3294 527 3384 jam
544 3308 601 3358 tua
618 3306 737 3379 sponte
755 3294 927 3360 faciebas?
974 3295 1080 3362 Exire
1098 3320 1194 3372 exso
1285 3333 1290 3344 =

95 3397 174 3462 urbe
198 3398 294 3485 jubet
321 3396 441 3462 consul
469 3397 612 3460 hostem.
674 3394 870 3482 Interrogas
899 3417 966 3473 rna,
996 3421 1079 3462 num
1108 3398 1143 3462 in

96 3485 272 3562 exsiliun'r?
318 3495 400 3561 Non
423 3496 549 3584 jube03
582 3496 655 3570 sed,
680 3497 708 3561 si
734 3517 788 3560 rne
813 3498 976 3574 consulis,
998 3500 1140 3564 suadeo.
1164 3501 1206 3572 V

96 3612 143 3660 v1.
171 3597 264 3684 Quid
282 3610 331 3662 est
347 3597 451 3671 enim,
471 3594 634 3670 Catilina,
652 3597 743 3681 quod
760 3609 792 3661 te
812 3597 885 3684 jam
909 3598 944 3664 in
970 3600 1035 3664 hac
1058 3601 1143 3664 urbe

98 3694 261 3762 delectare
279 3695 405 3784 possit?
437 3696 471 3761 in
488 3719 556 3784 qua
573 3719 675 3762 nemo
692 3707 742 3762 est
757 3709 853 3761 extra
870 3697 969 3763 istam
986 3699 1144 3787 conjura-

98 3793 216 3862 tioner'n
241 3787 449 3884 perditorum
474 3797 650 3862 hominum
673 3796 731 3882 qui
748 3809 780 3862 te
797 3819 865 3862 non
883 3810 1022 3875 metuat,
1041 3821 1143 3864 nemo
1167 3819 1198 3872 35

99 3897 152 3981 qui
168 3921 235 3965 non
250 3899 369 3966 oderit.
412 3895 513 3983 Qae
527 3909 605 3962 nota
622 3896 828 3962 domesticae
844 3897 1061 3985 turpitudinis
1074 3919 1143 3964 non
