2668 4262
67 187 97 230 Β
111 175 151 246 ‘ll
299 195 411 262 Fame
434 199 464 262 is
486 199 659 284 convcyed
680 199 721 284 by
745 197 896 263 Lcttors.
1059 217 1120 286 143

29 390 51 452 ll
66 389 174 488 lar{lubi
199 395 235 460 in
264 398 434 464 civitatem
466 411 689 485 receperunt:
715 421 778 466 nos
802 402 894 464 hunc
920 399 1122 466 Heraclien-

22 493 33 551 ’ν
67 499 155 569 amuli,
170 498 286 561 multis
302 500 493 564 civitatibus
510 500 710 583 expetitum,
725 499 760 562 in
776 501 843 563 hac
856 512 969 564 autem
987 501 1122 587 legibus

66 596 302 673 eonstirutum,
321 600 363 662 de
379 613 493 664 nostra
512 599 646 665 civitate
667 599 851 664 eiciemus?

112 712 159 758 aa.
183 695 279 762 Nam
304 698 332 762 si
356 700 432 784 quis
457 699 623 764 minorem
648 700 780 786 gloriae
802 701 948 764 fructum
966 713 1062 785 putat
1077 712 1121 766 ex

69 794 214 862 Graecis
230 799 388 864 versibus
404 799 533 884 percipi
551 821 654 886 quam
672 823 717 864 ex
736 798 882 876 Latinis,
902 803 1122 866 vehementer
1153 835 1168 890 5

69 911 177 962 errat:
212 909 393 984 propterea
424 901 515 986 quod
548 899 685 964 Graeca
716 901 876 986 leguntur
903 900 938 964 in
963 901 1122 966 omnibus

68 997 136 1064 sere
161 1001 339 1086 gentibus,
360 999 485 1065 Latina
510 999 580 1065 suis
604 1001 742 1075 finibus,
766 1000 901 1086 exiguis
926 987 1022 1075 sane,
1040 1021 1122 1064 con·

67 1097 229 1164 tinentur.
291 1100 372 1184 Qia
403 1121 439 1164 re
472 1101 499 1166 si
532 1121 587 1165 res
618 1122 680 1166 eae
711 1121 798 1186 quas
828 1101 999 1187 gessimus
1030 1101 1122 1166 orbis

68 1209 177 1264 terrae
210 1201 411 1289 regionibus
442 1201 661 1276 deliniuntur,
692 1221 817 1285 cupere
850 1201 1027 1276 debemus,
1053 1223 1121 1287 qno

69 1320 235 1366 manuum
261 1313 451 1368 nostrarum
470 1295 543 1366 'tela
572 1301 801 1385 pervenerint,
825 1302 946 1366 eodem
975 1302 1120 1388 gloriam
1138 1337 1168 1372 ιο

69 1398 267 1488 famamque
284 1414 483 1487 penetrare;
508 1402 695 1487 quodcum
712 1400 795 1486 ipsis
812 1403 948 1486 populis
972 1402 1014 1464 de
1038 1423 1122 1487 quo-

69 1519 141 1564 rum
164 1504 270 1568 rebus
292 1501 461 1576 scribitur,
485 1502 572 1566 haec
592 1502 708 1585 ampla
741 1513 830 1576 sunt,
849 1513 919 1564 tum
942 1500 990 1564 eis
1015 1513 1119 1576 certe,

69 1600 124 1684 qui
146 1602 190 1666 de
213 1603 284 1666 vita
304 1581 435 1689 gloiiae
459 1621 563 1665 causa
587 1601 765 1672 dimicant,
787 1602 852 1664 hoc
876 1601 1065 1664 maximum
1089 1612 1123 1666 et

70 1701 301 1782 periculorum
319 1702 575 1766 incitamentum
593 1713 643 1765 est
659 1712 692 1765 et
716 1702 882 1765 laborum.
931 1718 978 1764 24.
1004 1700 1121 1787 Quam

70 1803 193 1868 multos
211 1803 393 1886 scriptores
409 1823 522 1868 rerum
536 1822 675 1864 suarum
689 1822 838 1886 magnus
850 1801 907 1864 ille
920 1801 1122 1866 Alexander
1140 1834 1168 1883 15

70 1921 185 1968 secum
220 1903 382 1968 habuisse
414 1900 557 1966 dicitur!
619 1899 734 1985 Atque
766 1901 794 1964 is
826 1911 953 1976 tamen,
980 1923 1058 1964 curn
1087 1901 1121 1964 in

69 1998 174 2088 Sigeo
201 2004 247 2068 ad
271 2002 421 2068 Achillis
444 2003 612 2065 tumulum
647 1999 835 2064 astitisset:
882 2000 913 2066 O
930 2003 1123 2084 fortunate

69 2098 175 2187 inquit
201 2103 415 2177 adulescens,
440 2103 505 2186 qui
527 2110 609 2164 tuae
635 2101 777 2164 vz'rtutr's
803 2100 995 2164 Homerum
1014 2109 1123 2188 prae-

69 2221 182 2267 conem
202 2201 401 2267 inveneris!
447 2201 491 2265 Et
506 2222 599 2265 vere.
649 2200 742 2264 Nam
760 2201 824 2264 nisi
842 2200 923 2266 Ilias
941 2201 999 2264 illa
1019 2201 1122 2266 exsti·

69 2301 173 2379 osset,
210 2304 301 2369 idem
339 2302 503 2376 tumulus,
536 2301 593 2386 qui
633 2322 757 2384 corpus
796 2300 870 2387 ejus
909 2313 1119 2375 contexerat,
1138 2333 1169 2368 ιο

70 2422 196 2470 nomen
225 2405 327 2468 etiam
355 2401 534 2467 obruisset.
584 2398 702 2484 Quid?
734 2413 848 2464 noster
872 2401 928 2466 hic
953 2401 1119 2488 Magnus,

71 2503 125 2586 qui
142 2525 223 2569 cum
240 2503 361 2568 virtute
378 2503 547 2566 fortunam
566 2499 781 2586 adaequavit,
801 2523 914 2565 nonne
934 2501 1122 2586 Theopha-

71 2623 146 2667 nem
172 2604 439 2691 Mytilenaeum,
462 2601 661 2685 scriptorem
686 2622 800 2663 rerum
818 2622 970 2674 suarum,
990 2601 1023 2665 in
1041 2623 1122 2666 con-

71 2703 159 2770 tione
177 2705 323 2769 militum
341 2701 474 2766 civitate
491 2701 649 2773 donavit3
675 2713 708 2763 et
729 2700 834 2764 nostri
857 2701 906 2764 illi
924 2701 1027 2766 fortes
1043 2702 1119 2775 viri,

71 2806 129 2868 sed
155 2804 271 2870 rustici
296 2823 337 2867 ac
362 2801 497 2874 milites,
516 2800 698 2864 dulcedine
714 2800 864 2885 quadam
881 2802 1012 2886 gloriae
1030 2823 1121 2864 com·
1137 2833 1165 2882 25

73 2905 164 2981 moti,
192 2903 289 2992 quasi
323 2900 506 2988 participes
538 2899 692 2986 ejusdem
723 2900 848 2972 laudis,
876 2922 1004 2988 magno
1036 2901 1121 2966 illud

72 3004 221 3070 clamore
245 2998 553 3088 approbaverunt?

115 3121 161 3170 aa.
185 3106 318 3191 ltaque,
336 3103 453 3174 credo,
471 3100 498 3164 si
516 3099 600 3164 civis
618 3098 798 3164 Romanus
814 3099 963 3164 Archias
986 3102 1121 3188 legibus

76 3223 140 3270 non
160 3218 262 3280 esset,
283 3215 320 3268 ut
343 3203 387 3267 ab
411 3201 526 3287 aliquo
550 3199 753 3283 imperatore
778 3199 913 3263 civitate
937 3201 1122 3264 donaretur

77 3309 236 3387 perlicere
260 3326 329 3370 non
353 3301 471 3388 potuit.
521 3299 619 3364 Sulla
640 3320 719 3363 cum
739 3298 912 3382 Hispanos
929 3300 1072 3364 donaret
1089 3312 1121 3364 et
1136 3333 1166 3381 3⁰

77 3403 205 3482 Gallos,
228 3405 331 3471 credo
356 3405 447 3467 bunc
471 3412 640 3486 petentem
667 3400 899 3483 repudiasset:
931 3422 1032 3485 quem
1060 3423 1120 3466 nos

78 3502 109 3568 in
129 3509 283 3574 contione
304 3505 464 3576 vidimus,
483 3523 559 3566 cum
586 3501 615 3564 ei
642 3501 793 3563 libellum
819 3501 929 3564 malus
955 3507 1053 3585 poeta
1078 3503 1120 3566 de

80 3611 200 3694 populo
223 3604 434 3694 subjecisset,
458 3603 548 3688 quod
574 3602 788 3689 epigramma
813 3603 845 3663 in
872 3624 949 3665 eum
971 3603 1119 3677 lecisset,

79 3709 306 3772 tantummodo
332 3703 470 3768 alternis
494 3703 648 3766 versibus
674 3702 912 3788 longiusculis,
938 3704 1048 3766 statim
1078 3727 1121 3768 ex

80 3807 124 3871 eis
154 3809 255 3873 rebus
286 3825 371 3891 quas
402 3816 483 3868 tunc
514 3802 685 3867 vendebat
712 3802 833 3888 jubere
866 3802 895 3866 ei
930 3803 1118 3886 praemium
1138 3831 1168 3882 35

81 3909 185 3982 tribui,
213 3908 273 3972 sed
301 3927 342 3971 ea
370 3902 586 3975 condicione,
613 3923 655 3964 ne
684 3901 765 3985 quid
795 3915 912 3985 postea
945 3904 1117 3966 scriberet.
