2716 4266
127 59 140 86 N
158 53 160 56 .

111 199 335 272 νΠΙ·25·].ΤΙια
368 198 517 266 Wounds
539 201 589 286 os
612 197 696 266 War
717 207 808 264 must
830 197 870 263 de
891 197 1025 263 healed.
1101 211 1164 280 217

108 404 335 490 suspitionem
352 413 467 475 tuam:
492 401 594 467 simul
611 401 702 466 enim
720 400 924 488 augebimus
938 399 1163 487 diligentiam.

107 505 205 569 Nam
223 505 297 592 quis
319 515 370 568 est
394 503 547 567 ornnium
572 515 641 565 tam
667 503 809 588 ignarus
833 521 960 574 rerum,
978 511 1046 564 tam
1072 500 1166 563 rudis

107 606 145 669 in
171 629 208 670 re
233 606 383 691 publica,
402 616 471 666 tam
497 603 581 666 nihil
608 621 771 689 umquam
797 621 861 666 nec
882 603 924 665 de
947 621 1009 665 sua
1034 621 1098 664 aec
1123 602 1165 664 de

108 707 284 770 communi
301 706 411 769 salute
430 703 599 790 cogitans,
619 703 675 790 qui
694 725 761 767 non
779 703 956 789 intellegat
975 713 1031 766 tua
1057 703 1165 766 salute

107 808 276 872 contineri
294 827 406 880 suam,
426 818 461 869 et
475 827 518 868 ex
536 806 637 868 unius
656 817 714 870 tua
732 805 799 868 vita
820 805 970 889 pendere
989 801 1165 868 omnium?
1184 827 1199 882 ς

107 907 282 994 Equidem
314 908 421 972 de‘te
450 906 523 970 dies
557 906 732 992 noctisque
761 907 815 992 (ut
838 905 965 990 debeo)
993 905 1162 992 cogitans,

106 1029 212 1072 casus
238 1008 613 1072 dumtaxat'humanos
640 1017 673 1070 et
698 1006 844 1071 incertos
870 1019 1011 1070 eventus
1035 1007 1165 1070 valetu-

105 1108 200 1172 dinis
216 1121 249 1171 et
266 1120 407 1171 naturae
425 1106 618 1171 communis
636 1105 854 1192 fragilitatem
873 1107 1079 1180 extimesco:
1105 1106 1165 1170 do·

106 1209 246 1294 leoque,
265 1228 343 1273 cum
365 1229 419 1272 res
446 1206 583 1292 publica
609 1206 809 1271 immortalis
833 1227 909 1271 esse
933 1207 1068 1280 debeat,
1087 1227 1164 1270 eam

104 1309 144 1372 in
177 1309 278 1372 unius
310 1307 462 1372 mortalis
496 1307 610 1372 anima
635 1308 832 1372 consistere.
880 1323 926 1372 aa.
951 1306 989 1372 Si
1014 1328 1095 1372 vero
1120 1306 1164 1371 ad
1186 1335 1218 1376 ιο

106 1410 282 1473 humanos
306 1429 406 1472 casus
429 1408 644 1493 incertosque
668 1421 778 1472 motus
798 1409 1001 1474 valetudinis
1025 1407 1164 1472 sceleris

106 1509 213 1572 etiam
232 1509 365 1573 accedit
381 1509 651 1593 insidiarumque
669 1509 863 1583 consensi0,
881 1530 983 1594 quem
1000 1508 1117 1581 deum,
1135 1507 1163 1571 si

106 1609 237 1694 cupiat,
258 1629 359 1694 posse
376 1607 534 1694 opitulari
552 1607 599 1672 rei
618 1609 776 1692 publicae
794 1607 997 1673 credamus?

155 1728 233 1772 vm.
260 1708 387 1773 Omnia
420 1720 498 1772 sunt
529 1709 711 1772 excitanda
743 1709 815 1783 tibi,
844 1707 886 1774 C.
915 1707 1059 1782 Caesar,
1089 1707 1161 1782 uni,

107 1831 199 1896 quae
221 1809 337 1896 jacere
363 1809 480 1882 sentis,
506 1809 587 1872 belli
613 1807 718 1891 ipsius
743 1808 884 1892 impetu,
905 1808 997 1894 quod
1021 1827 1163 1872 necesse
1185 1826 1215 1883 ¹3

106 1911 184 1984 suit,
213 1910 371 1994 perculsa
404 1920 505 1994 atque
534 1919 720 1992 prostrata:
761 1908 997 1972 constituenda
1017 1906 1165 1994 judicia,-

107 2009 305 2074 revocanda
325 2009 423 2082 fides
444 2007 722 2092 comprimendae
747 2008 918 2082 libidines,
937 2007 1162 2093 propaganda

108 2110 267 2174 suboles:
292 2109 420 2183 omnia,
440 2129 529 2195 quae
546 2108 679 2191 dilapsa
699 2107 771 2194 jam
789 2108 1022 2181 diffluxerunt,
1034 2107 1162 2170 severis

108 2211 245 2298 legibus
267 2209 449 2274 vincienda
474 2219 563 2272 sunt.
612 2224 660 2272 24.
683 2207 764 2272 Non
789 2207 851 2271 fuit
874 2208 1103 2271 recusandum
1129 2206 1161 2268 in

106 2323 202 2374 tanto
234 2309 324 2374 civili
357 2309 460 2382 bello,
488 2320 581 2372 tanto
613 2309 804 2372 animorum
839 2307 959 2371 ardore
986 2318 1020 2370 et
1052 2327 1163 2370 armo·
1184 2319 1217 2358 20

107 2433 198 2482 rum,
217 2411 298 2496 quin
316 2421 478 2495 quassata
495 2431 549 2472 res
567 2410 717 2493 publica,
737 2408 942 2494 quicumque
962 2406 1042 2471 belli
1060 2426 1163 2469 even·

107 2523 161 2574 tus
186 2510 316 2584 suisset,
336 2510 443 2574 multa
467 2509 625 2594 perderet
649 2520 683 2572 et
705 2520 907 2572 ornamenta
931 2506 1106 2594 dignitatis
1131 2517 1164 2569 et

107 2610 279 2699 praesidia
304 2609 495 2674 stabilitatis
520 2629 624 2682 suae;
655 2610 828 2694 multaque
853 2618 994 2694 uterque
1018 2608 1090 2670 dux
1114 2606 1163 2670 fa·

107 2723 201 2777 ceret
232 2724 395 2784 armatus,
424 2730 514 2795 quae
545 2710 637 2774 idem
663 2721 799 2796 togatus
824 2709 895 2772 fieri
921 2707 1160 2792 prohibuisset.

108 2811 212 2898 Quae
229 2811 367 2896 quidem
394 2810 453 2873 tibi
480 2831 572 2874 nunc
597 2811 713 2874 omnia
738 2809 819 2873 belli
843 2810 986 2872 volnera
1007 2807 1162 2870 sananda
1182 2813 1214 2870 ²5

107 2925 199 2984 sunt,
218 2911 340 2996 quibus
357 2921 491 2995 praeter
507 2921 539 2973 te
557 2931 658 2974 nemo
676 2910 803 2974 mederi
817 2919 937 2994 potest.
977 2925 1024 2974 25.
1044 2909 1163 2994 Itaque

107 3011 203 3076 illam
225 3022 316 3074 tuam
340 3010 651 3095 praeclarissimam
676 3023 709 3075 et
732 3011 1020 3096 sapientissimam
1041 3031 1162 3076 vocem
1245 3087 1247 3092 Ι

106 3112 233 3175 invitus
251 3111 385 3174 audivi:
413 3109 527 3174 ‘Satis
546 3112 603 3175 diu
617 3112 671 3175 vel
690 3124 832 3176 naturae
848 3112 918 3176 vixi
936 3114 989 3178 vel
1007 3113 1162 3201 gloriae.’

109 3211 214 3283 Satis,
229 3211 256 3275 si
274 3212 319 3275 ita
337 3210 401 3285 vis,
417 3210 561 3276 sortasse
579 3224 734 3287 naturae,
751 3215 841 3278 addo
858 3214 974 3287 etiam,
990 3215 1017 3278 si
1036 3216 1161 3299 placet,

107 3312 261 3397 gloriae:
296 3323 340 3382 at,
359 3312 451 3397 quod
469 3314 658 3378 maximum
676 3327 737 3387 est,
757 3317 887 3400 patriae
912 3329 1002 3380 certe
1026 3337 1159 3401 parum.
1180 3321 1214 3374 30

108 3410 189 3493 Qra
216 3433 251 3474 re
276 3411 392 3476 omitte
421 3415 533 3489 istam,
553 3436 693 3500 quaem,
720 3417 895 3481 doctorum
924 3419 1100 3483 bominum
1126 3419 1161 3483 in

108 3513 359 3576 contemnenda
386 3526 491 3578 morte
517 3516 754 3599 prudentiam:
787 3517 856 3580 noli
874 3531 988 3584 nostro
1011 3520 1162 3604 periculo

108 3633 183 3674 esse
215 3613 365 3696 sapiens.
417 3612 532 3698 Saepe
563 3615 653 3678 enim
681 3616 771 3680 venit
798 3617 841 3682 ad
870 3620 961 3683 auris
994 3642 1101 3693 meas,
1128 3633 1161 3684 te

107 3711 198 3774 idem
227 3713 314 3777 istud
341 3714 442 3776 nimis
471 3715 589 3778 crebro
617 3715 744 3786 dicere,
770 3716 828 3780 tibi
855 3718 936 3782 satis
965 3731 996 3783 te
1019 3719 1157 3783 vixisse.

107 3810 243 3876 Credo:
277 3813 338 3877 sed
362 3825 431 3875 tum
450 3813 484 3876 id
502 3813 668 3890 audirem,
687 3814 714 3877 si
733 3815 790 3878 tibi
809 3817 870 3880 soli
888 3818 1033 3893 viveres,
1053 3831 1110 3882 aut
1133 3818 1160 3883 si
1182 3827 1214 3883 35

107 3914 166 3978 tibi
185 3913 287 3977 etiam
310 3911 372 3976 soli
398 3923 497 3975 natus
522 3933 627 3976 esses.
678 3913 841 3978 Omnium
866 3918 1009 3980 salutem
1035 3918 1161 3982 civium
