2716 4266
82 209 184 254 mlv·
206 199 267 273 94]
301 201 361 268 He
384 202 459 267 bids
481 199 663 268 Farewell'
682 210 716 266 to
739 200 796 266 the
824 197 915 286 Cz'ty.
1070 215 1133 286 205

79 403 272 488 aspexistis
281 402 437 478 Milonis,
451 403 481 469 si
493 404 622 470 voltum
635 423 772 489 semper
784 401 945 474 eundern,
959 401 989 466 si
999 422 1133 476 vocem,

79 503 107 567 si
139 504 330 568 orationem
362 503 519 570 stabilem
548 524 590 568 ac
621 525 689 570 uon
719 514 882 568 mutatam
910 502 1045 576 videtis,
1070 501 1136 566 boc

78 603 193 668 minus
214 604 247 668 ei
266 624 429 690 parcere:
454 603 548 668 haud
566 603 638 668 scio
659 624 703 666 an
723 603 828 666 multo
848 601 890 666 sit
911 602 1014 666 etiam
1038 601 1136 688 adju-

77 705 215 768 vandus
246 703 369 791 magis.
430 702 566 768 Etenim
592 703 620 768 si
649 705 683 766 in
715 702 927 789 gladiatoriis
953 701 1078 788 pugnis
1103 712 1136 766 et

78 803 188 867 infimi
206 805 345 891 generis
362 803 540 869 hominum
558 804 759 868 condicione
776 814 876 887 atque
894 801 1028 865 fortuna
1046 801 1135 864 timi·
1154 827 1170 886 ς

78 905 140 968 dos
171 918 277 991 atque
309 905 481 990 supplices
512 916 546 968 et
576 915 613 968 ut
645 903 758 966 vivere
791 902 892 966 liceat
924 901 1134 966 obsecrantis

78 1003 183 1067 etiam
196 1005 311 1070 odisse
327 1006 490 1078 solemus,
504 1002 598 1068 sortis
611 1015 713 1088 atque
731 1002 904 1066 animosos
917 1014 950 1066 et
962 1022 999 1066 se
1013 1001 1134 1067 acriter

77 1102 171 1187 ipsos
190 1105 289 1170 morti
313 1105 491 1170 offerentis
504 1124 641 1170 servare
667 1101 839 1188 cupimus,
857 1123 1045 1189 eorumque
1072 1123 1135 1168 nos

78 1204 194 1292 magis
208 1205 345 1271 miseret
352 1205 414 1292 qui
427 1217 580 1270 nostram
594 1201 863 1268 misericordiam
878 1224 946 1268 non
959 1202 1136 1289 requirunt

77 1323 183 1387 quarn
201 1305 260 1391 qui
278 1306 371 1370 illam
388 1305 590 1392 efflagitant,
602 1315 785 1392 -quanto
803 1303 868 1368 hoc
885 1303 998 1390 magis
1017 1303 1052 1366 in
1068 1303 1135 1369 sor·
1156 1339 1190 1381 10

77 1404 220 1486 tissimis
246 1404 377 1470 civibus
401 1405 515 1470 facere
541 1403 730 1470 debemus?
763 1421 812 1470 ss.
829 1403 890 1470 Me
913 1405 1067 1493 quidem,
1080 1405 1136 1492 ju·

77 1502 189 1578 dices,
204 1505 405 1570 exanimant
421 1517 453 1571 et
468 1506 666 1571 interimunt
682 1507 746 1572 hae
762 1527 867 1572 voces
879 1503 1034 1578 Milonis,
1048 1525 1136 1593 quas

78 1604 183 1669 audio
208 1605 350 1671 adsidue
372 1618 406 1670 et
423 1606 547 1693 quibus
564 1607 727 1671 intersum
745 1606 880 1674 cotidie.
932 1605 1128 1682 ‘Valeant,’

77 1701 202 1789 inquit,
225 1705 385 1770 ‘valeant
400 1707 494 1771 cives
511 1707 600 1772 mei:
625 1707 692 1772 sint
708 1707 912 1782 incolumes,
930 1706 997 1772 sint
1012 1706 1137 1772 floreo·

78 1813 140 1878 tes,
156 1805 228 1870 sint
243 1806 353 1871 beati:
378 1817 442 1871 stet
458 1807 546 1870 haec
562 1807 644 1872 urbs
661 1809 840 1893 praeclara
856 1806 1009 1896 mihique
1027 1807 1135 1892 patria
1159 1831 1189 1890 ¹5

78 1905 273 1979 carissima,
286 1927 423 1992 quoquo
441 1908 541 1972 modo
559 1907 622 1972 erit
639 1908 758 1972 merita
774 1909 818 1974 de
837 1929 904 1972 me.
931 1906 1136 1996 Tranquilla

79 2023 115 2066 re
131 2005 273 2089 publica
290 2006 356 2072 mei
373 2006 478 2080 civeS,
497 2007 660 2094 quoniam
677 2008 761 2072 mihi
777 2029 857 2074 cum
874 2007 941 2072 illis
957 2029 1026 2072 nou
1042 2007 1134 2082 licet,

79 2102 152 2168 sine
171 2127 228 2170 me
245 2105 322 2190 ipsi,
341 2107 402 2172 sed
420 2121 557 2193 propter
575 2129 630 2172 me
646 2120 762 2173 tamen
779 2109 1009 2193 perfruantur.
1058 2107 1136 2196 Ego

79 2206 204 2270 cedam
225 2218 325 2292 atque
346 2207 467 2272 abibo:
492 2207 520 2272 si
544 2207 627 2272 mibi
654 2209 743 2274 bona
766 2231 803 2274 re
824 2210 962 2295 publica
982 2209 1047 2276 frui
1067 2229 1136 2274 non

80 2303 226 2380 licuerit,
260 2319 295 2372 at
326 2308 451 2372 carebo
483 2308 588 2382 mala,
614 2321 649 2374 et
676 2331 780 2396 quam
812 2311 959 2395 primum
992 2309 1136 2398 tetigero
1156 2325 1192 2366 20

79 2403 166 2470 bene
187 2419 352 2472 moratam
367 2420 401 2471 et
416 2408 558 2472 liberam
570 2409 755 2484 civitatem,
770 2410 806 2474 in
823 2432 865 2476 ea
877 2411 1133 2497 conquiescam.

78 2519 125 2568 ot.
148 2507 184 2572 O
201 2506 349 2582 frustra?
364 2509 484 2594 inquit,
506 2509 611 2573 ‘mihi
628 2511 778 2596 suscepti
797 2509 953 2577 labores!
1001 2511 1033 2576 Ο
1057 2533 1136 2596 spes

80 2605 224 2672 fallaces
241 2620 274 2673 et
290 2607 514 2695 cogitationes
530 2608 651 2676 inanes
670 2609 789 2678 meae!
837 2611 916 2699 Ego
933 2633 1011 2678 cum
1032 2611 1137 2676 tribu·

81 2727 144 2772 nus
173 2707 281 2792 plebis
305 2709 499 2793 republica
523 2721 687 2795 oppressa
716 2733 769 2776 me
795 2713 929 2778 senatui
947 2712 1133 2787 dedissem,

81 2827 185 2892 quern
201 2807 404 2873 exstinctum
423 2829 639 2895 acceperam,
659 2813 828 2900 equitibus
851 2814 1033 2888 Romanis,
1051 2833 1135 2899 quo·
1157 2815 1191 2873 25

82 2927 157 2972 rum
183 2908 271 2972 vires
293 2919 389 2974 eraut
411 2909 555 2985 debiles,
569 2912 668 2978 bonis
697 2913 791 2987 viris,
809 2914 867 3001 qui
890 2935 1028 2980 omnem
1054 2935 1135 2978 auc·

81 3009 248 3072 toritatem
274 3006 452 3074 Clodianis
477 3011 581 3076 armis
614 3013 823 3102 abjecerant,
855 3015 938 3080 mihi
970 3035 1134 3102 umquam

81 3105 249 3172 bonorum
278 3108 484 3193 praesidium
519 3112 713 3180 defuturum
743 3115 920 3200 putarem?
963 3137 1029 3204 ego
1055 3137 1134 3182 cum

83 3208 334 3274 te’-mecum
371 3210 461 3274 enim
503 3214 703 3298 saepissime
743 3217 956 3304 loquitur-
982 3217 1134 3302 ‘patriae

84 3308 320 3381 reddidissem,
356 3310 437 3374 mihi
474 3326 629 3398 putarem
661 3317 695 3380 in
735 3318 844 3401 patria
884 3340 952 3382 non
984 3317 1134 3382 futurum
1156 3323 1192 3380 30

84 3406 218 3474 locum?
265 3409 333 3476 Ubi
361 3433 454 3476 nunc
482 3429 621 3480 senatus
649 3430 713 3491 est,
734 3439 835 3504 quem
863 3419 968 3482 secuti
996 3414 1135 3482 sumus?

85 3509 139 3572 ubi
164 3509 293 3596 equites
308 3510 459 3576 Romani
478 3514 526 3578 illi
548 3515 661 3604 [illi],'
678 3517 799 3602 inquit,
819 3518 911 3583 ‘'tui?
942 3519 999 3582 ubi
1024 3518 1135 3584 studia

86 3609 369 3694 municipiorum?
400 3614 458 3676 ubi
491 3613 611 3678 Italiae
643 3615 767 3682 voces?
808 3618 866 3680 ubi
898 3619 1045 3704 denique
1077 3632 1135 3682 tua

85 3705 153 3780 illa,
173 3708 225 3774 M.
257 3711 364 3785 Tulli,
395 3733 483 3798 quae
511 3715 665 3797 plurimis
692 3716 753 3780 fuit
780 3717 921 3791 auxilio,
940 3739 1008 3783 vox
1034 3731 1135 3804 atque

86 3807 259 3876 defensio?
291 3811 420 3874 mihine
437 3833 478 3876 ea
496 3814 572 3885 soli,
590 3815 648 3898 qui
666 3836 727 3900 pro
747 3825 780 3880 te
807 3817 929 3882 totiens
957 3817 1055 3882 morti
1080 3838 1135 3882 me
1154 3823 1188 3882 35

86 3909 201 3984 obtuli,
221 3909 305 3981 nihil
323 3921 431 3994 potest
447 3911 646 3996 opitularii'
