2714 4266
227 209 271 274 30
504 194 763 285 Impeachment
785 198 833 283 eff
859 196 994 263 Verres.
1129 195 1285 266 [VERR·L
1341 161 1342 168 i

226 394 416 480 impediunt
447 397 540 482 quod
570 396 704 466 nobiles
736 409 828 473 sunt,
858 420 963 484 quam
992 398 1158 485 adjuvant
1187 401 1283 487 quod

227 497 296 560 noti
313 509 401 560 sunt.
452 497 601 562 Simulat
616 520 653 563 se
670 520 788 563 eorum
807 499 981 584 praesidio
998 500 1184 578 confidere,
1200 523 1281 566 cum

226 595 356 660 interea
372 597 466 661 aliud
482 598 645 683 quiddam
659 599 732 687 jam
750 599 807 663 diu
826 599 1054 663 machinetur.

271 713 312 759 ιο.
338 695 454 781 Quam
467 720 563 781 spem
578 720 669 763 nunc
684 699 810 764 habeat
823 697 856 762 in
873 699 1044 774 manibus,
1060 711 1093 766 et
1108 701 1190 788 quid
1208 723 1275 766 mo

198 795 339 872 sliatur‚
354 797 500 862 breviter
509 798 595 886 jam,
605 798 756 885 judices,
768 798 865 862 vobis
879 821 1072 884 exponam:
1095 803 1155 866 sed
1170 803 1278 888 prius,
1341 845 1342 848 =

228 907 263 960 ut
279 897 322 961 ab
339 896 433 962 initio
449 919 504 962 res
520 899 564 962 ab
581 919 622 962 eo
639 899 819 962 constituta
837 898 892 974 sit,
910 921 1050 985 quaeso,
1066 903 1279 989 cognoscite.

228 996 276 1061 Ut
306 997 454 1081 primum
486 1019 504 1061 e
536 997 714 1083 provincia
746 998 859 1075 rediit,
890 1001 1079 1086 redemptio
1104 1014 1155 1066 est
1179 1003 1281 1089 hujus

233 1095 341 1182 judici
370 1095 459 1160 facta
488 1097 612 1185 grandi
640 1099 799 1182 pecunia.
858 1099 990 1164 Mansit
1016 1101 1051 1164 in
1077 1101 1281 1166 condicione

228 1208 330 1280 atque
347 1209 446 1280 pacto
463 1218 571 1282 usque
594 1199 639 1261 ad
662 1219 741 1262 eum
765 1201 883 1274 finem,
902 1201 984 1265 dum
1005 1200 1139 1288 judices
1163 1202 1281 1290 rejecti

181 1316 212 1356 10
228 1307 317 1359 sunt.
368 1295 612 1383 Posteaquam
630 1298 767 1386 rejectio
787 1300 943 1388 judicum
960 1301 1050 1365 sacta
1074 1303 1282 1388 est—quod

228 1405 261 1458 et
288 1393 323 1458 in
351 1397 523 1461 sortitione
552 1397 649 1463 istius
678 1419 774 1484 spem
804 1401 938 1464 fortuna
966 1401 1083 1486 populi
1112 1401 1279 1477 Romani,

229 1503 262 1558 et
297 1494 332 1559 in
370 1496 552 1563 reiciendis
587 1498 761 1584 judicibus
798 1521 875 1564 mea
912 1500 1106 1587 diligentia,
1140 1501 1283 1566 istorum

228 1594 476 1680 impudentiam
517 1598 902 1664 vicerat—renuntiata
931 1612 983 1665 est
1008 1613 1076 1666 tota
1109 1602 1279 1667 condicio.

228 1713 268 1759 ιτ.
293 1696 475 1763 Praeclare
500 1720 536 1764 se
561 1721 616 1764 res
640 1700 801 1764 habebat.
851 1699 977 1765 Libelli
1002 1701 1180 1764 nominum
1205 1724 1283 1766 ves-

182 1817 212 1871 15
228 1810 369 1873 trorum,
393 1797 586 1885 consilique
609 1800 723 1887 hujus,
749 1799 784 1863 in
810 1801 967 1865 manibus
992 1811 1089 1865 erant
1112 1802 1280 1865 omnium.

228 1898 336 1963 Nulla
361 1911 454 1969 nota,
474 1901 589 1964 nullus
613 1901 719 1972 color,
738 1901 854 1964 nullae
870 1901 990 1965 sordes
1007 1901 1210 1964 videbantur
1229 1902 1283 1965 his

228 1999 404 2066 sententiis
433 1999 539 2064 adlini
566 2019 688 2084 posse:
723 2019 801 2062 cum
830 1999 893 2064 iste
922 2011 1075 2084 repente,
1102 2021 1146 2064 ex
1175 2001 1284 2065 alacri

228 2114 330 2187 atque
359 2101 461 2173 laeto,
488 2099 538 2164 sic
561 2110 635 2164 erat
658 2099 798 2162 humilis
824 2111 924 2185 atque
948 2099 1130 2174 demissus,
1152 2111 1189 2164 ut
1212 2123 1284 2164 non

229 2203 331 2267 modo
356 2200 483 2286 populo
508 2199 684 2273 Romanu,
709 2199 769 2263 sed
795 2199 897 2262 etiam
921 2199 985 2264 sibi
1009 2199 1098 2283 ipse,
1120 2200 1284 2263 condem·
1341 2207 1342 2280 l

182 2317 213 2353 20
228 2313 328 2367 natus
345 2301 527 2366 videretur.
577 2299 670 2363 Ecce
687 2310 801 2363 autem
818 2311 970 2383 repente,
989 2299 1042 2363 his
1059 2299 1180 2364 diebus
1197 2321 1287 2384 pau-

228 2402 278 2467 cis
314 2401 458 2466 comitiis
495 2399 733 2465 consularibus
769 2399 880 2472 sactis,
915 2400 1036 2463 eadem
1073 2399 1133 2463 illa
1163 2411 1284 2463 vetera
1341 2459 1342 2492 ἒ

228 2502 371 2567 consilia
394 2499 542 2587 pecunia
565 2499 694 2586 majore
719 2510 939 2582 repetuntur3
968 2498 1179 2586 eaedemque
1203 2521 1284 2565 ves·
1341 2495 1342 2568 ἶ

227 2615 299 2668 trae
325 2603 437 2667 famae
462 2599 674 2686 fortunisque
697 2599 851 2664 omnium
877 2599 1022 2663 insidiae
1050 2620 1112 2683 per
1139 2601 1283 2665 eosdem

228 2703 384 2768 homines
401 2712 655 2787 comparantur.
707 2697 810 2783 Qae
827 2719 881 2762 res
898 2698 1020 2783 primo,
1035 2698 1184 2786 judices,
1203 2721 1282 2784 per·

181 2815 212 2868 ²5
227 2804 319 2868 tenui
341 2803 438 2868 nobis
458 2812 662 2889 argumento
682 2798 877 2884 indicioque
899 2798 1070 2883 patefacta
1093 2810 1164 2863 est:
1189 2811 1279 2884 post,
1341 2817 1342 2862 ξ

228 2917 346 2990 aperto
373 2902 570 2987 suspitionis
598 2899 748 2972 introitu,
774 2899 818 2963 ad
846 2898 963 2962 omnia
991 2898 1109 2962 intima
1137 2898 1281 2964 istorum

227 3004 370 3070 consilia
394 3003 470 3068 sine
491 3003 562 3068 ullo
586 3022 700 3066 errore
728 2998 963 3085 pervenimus.
1341 3083 1342 3086 Ἴ

272 3125 336 3168 vn.
363 3120 403 3167 18.
427 3103 534 3179 Nam,
552 3113 589 3167 ut
612 3099 830 3174 Hortensius,
850 3098 968 3162 consul
987 3097 1200 3185 designatus
1219 3100 1282 3165 do·

228 3228 321 3269 mum
346 3205 572 3270 reducebatur
596 3224 615 3269 e
639 3201 788 3286 Camp0,
807 3221 886 3264 cum
912 3198 1064 3264 maxima
1090 3198 1281 3284 frequentia
1341 3269 1342 3276 χ

181 3319 270 3372 30ac
301 3305 527 3380 multitudine,
560 3305 598 3368 fit
628 3302 765 3368 obviam
798 3321 882 3364 casu
914 3299 946 3362 ei
986 3298 1193 3364 multitudini
1234 3299 1277 3365 C.

228 3405 355 3481 Curio3
394 3428 496 3492 quem
530 3425 596 3492 ego
628 3403 801 3467 hominem
835 3398 975 3465 honoris
1011 3397 1141 3484 [potius
1175 3421 1281 3485 quam

228 3506 473 3593 contumeliae]
497 3525 601 3570 causa
626 3503 837 3568 nominatum
862 3501 954 3566 volo.
1003 3498 1139 3563 Etenim
1164 3519 1206 3562 ea
1230 3499 1281 3562 di·
1341 3509 1342 3554 l

229 3629 318 3682 cam,
337 3630 425 3694 quae
442 3607 512 3680 ille,
528 3605 556 3670 si
574 3601 835 3669 commemorari
853 3601 1030 3674 noluisset,
1049 3621 1118 3664 non
1135 3609 1228 3664 tanto
1244 3598 1281 3662 in

229 3720 411 3781 conventu,
430 3719 498 3770 tam
518 3716 632 3788 aperte
650 3704 833 3786 palamque
859 3700 1020 3764 dixisset:
1051 3721 1140 3786 quae
1164 3710 1278 3763 tameo

183 3815 252 3870 35a
283 3828 336 3871 me
361 3805 565 3890 pedetentim
592 3815 758 3885 cauteque
782 3802 958 3874 dicentur3
991 3811 1026 3862 ut
1050 3811 1084 3864 et
1107 3798 1279 3864 amicitiae
1341 3837 1342 3900 ἐ

231 3919 378 3979 nostrae,
391 3918 424 3968 et
433 3902 607 3988 dignitatis
618 3900 721 3971 illius,
735 3899 851 3962 habita
863 3899 947 3962 ratio
959 3919 1033 3961 esse
1046 3899 1278 3986 intellegatur.
1288 3982 1312 4006 κ
1341 3993 1342 3998 ¹

158 685 215 720 §.a
