2668 4262
206 220 270 295 174
563 204 720 291 Deserere
743 207 791 292 of
810 205 914 272 Mau
972 249 975 255 -
1148 205 1259 275 [Mffla

204 407 365 494 legimus,
384 429 502 473 verum
520 427 563 472 ex
581 418 701 472 natura
719 407 793 492 ipsa
818 407 1044 493 adripnimm,
1063 407 1258 483 hausimus,

204 509 457 591 expressimus;
484 508 648 593 adquam
673 530 742 572 non
766 509 855 573 docti
880 511 941 574 sed
966 509 1058 584 facti,
1078 531 1147 574 non
1164 510 1261 572 insti·

204 609 263 670 tuti
281 609 342 672 sed
367 608 484 672 imbuti
508 622 755 683 sumus-ut,
775 609 802 672 si
827 611 896 673 vita
920 621 1036 674 nostra
1060 609 1094 673 in
1123 610 1261 695 aliquas

121 699 123 703 ’
204 708 358 781 insidias,
378 708 405 772 si
429 708 464 770 in
488 708 557 772 vim
582 721 615 772 et
639 708 672 774 in
697 709 765 772 tela
791 721 849 774 aut
872 710 1042 774 latronum
1067 721 1125 774 aut
1146 710 1262 773 inimi-

151 837 166 892 ς
204 828 321 873 corum
354 807 542 883 incidisset,
568 809 678 873 omnis
710 809 853 874 honesta
884 811 970 875 ratio
1001 823 1091 876 esset
1116 811 1263 896 expedi-

205 909 316 973 endae
340 908 470 972 salutis.
519 923 555 969 11.
579 907 691 974 Silent
708 909 799 974 enim
824 913 922 999 leges
945 911 1032 976 inter
1051 931 1167 984 arma3
1196 931 1264 974 nec

205 1029 242 1072 se
274 1007 467 1091 exspectari
502 1007 636 1096 jubent,
664 1029 742 1074 curn
776 1009 807 1074 ei
841 1011 899 1097 qui
931 1023 1132 1096 exspectare
1162 1009 1263 1082 velit,

206 1120 284 1176 ante
305 1108 429 1195 injusta
456 1130 567 1193 poena
596 1110 723 1175 luenda
750 1110 804 1186 sit,
823 1132 928 1197 quam
950 1111 1042 1199 justa
1057 1109 1262 1196 repetenda.

205 1211 278 1276 Etsi
303 1209 538 1295 persapienter
561 1223 594 1274 et
617 1211 766 1296 quodam
792 1212 894 1276 modo
916 1213 1015 1276 tacite
1037 1212 1094 1276 dat
1109 1211 1187 1296 ipsa
1206 1211 1266 1273 lex

155 1347 188 1386 10
208 1323 405 1396 potestatem
440 1310 662 1386 defendendi,
697 1333 786 1397 quae
819 1334 887 1376 non
925 1312 1097 1376 hominem
1132 1309 1264 1384 occidi,

207 1412 268 1478 sed
292 1433 367 1476 esse
392 1433 470 1476 curn
496 1412 563 1476 telo
588 1412 734 1476 hominis
756 1412 936 1477 occidendi
953 1431 1058 1476 causa
1075 1421 1186 1484 vetat3
1214 1421 1264 1482 ut,

208 1534 286 1578 cum
304 1533 408 1577 causa
427 1533 495 1577 non
512 1513 617 1576 telum
643 1525 875 1598 quaereretur,
894 1512 951 1599 qui
978 1512 1029 1577 sui
1054 1511 1267 1576 defendendi

209 1635 314 1680 causa
342 1615 409 1678 telo
437 1626 528 1679 esset
554 1635 637 1678 usus
669 1635 738 1678 non
771 1613 918 1678 hominis
949 1613 1127 1678 occidendi
1155 1632 1267 1676 causa

210 1715 372 1780 habuisse
395 1715 500 1780 telum
523 1715 745 1802 judicaretur.
796 1713 1017 1798 Quapropter
1038 1714 1103 1776 hoc
1125 1723 1268 1776 maneat

159 1839 189 1893 ις
210 1817 244 1880 in
273 1836 392 1890 causa,
419 1815 574 1904 judices:
604 1837 671 1879 non
697 1814 788 1879 enim
812 1813 929 1879 dubito
953 1813 1033 1899 quin
1059 1812 1268 1896 probaturus

211 1919 273 1983 sim
299 1916 396 1982 vobis
420 1915 654 1981 defensionem
680 1935 805 1988 meam,
824 1913 852 1978 si
877 1913 912 1978 id
936 1912 1155 1977 memineritis
1170 1913 1268 1996 quod

210 2018 365 2084 oblivisci
383 2039 451 2080 non
470 2017 621 2101 potestis,
640 2014 873 2080 insidiatorem
895 2013 972 2101 jure
987 2011 1130 2077 interfici
1148 2033 1265 2097 posse.

256 2139 293 2184 v.
320 2135 362 2182 ra.
386 2117 548 2204 Sequitur
571 2116 670 2190 illud,
690 2115 782 2202 quod
807 2135 827 2178 a
852 2113 993 2178 Milonis
1017 2111 1163 2177 inimicis
1190 2133 1269 2176 sae·

212 2221 352 2307 pissime
384 2219 519 2291 dicitur,
545 2219 687 2282 caedem
722 2215 756 2279 in
788 2235 856 2301 qua
888 2211 928 2277 Ρ.
959 2212 1102 2278 Clodius
1128 2212 1268 2277 occisus

157 2331 192 2370 20
212 2335 265 2388 est
302 2331 457 2388 senatum
501 2318 675 2408 judicasse
711 2326 829 2380 contra
867 2333 939 2378 rem
980 2312 1152 2398 publicam
1189 2333 1268 2378 esse

213 2423 352 2488 factam.
402 2421 502 2486 Illam
531 2440 613 2484 vero
637 2428 775 2482 senatus
803 2435 871 2479 non
902 2412 1077 2478 sententiis
1109 2411 1180 2477 suis
1215 2435 1270 2477 so-

212 2524 298 2598 lum,
317 2523 377 2588 sed
402 2522 503 2587 etiam
529 2518 649 2584 studiis
674 2513 919 2602 comprobavit.
979 2511 1149 2598 Quotiens
1172 2513 1267 2576 enim

213 2636 263 2688 est
286 2623 345 2686 illa
369 2643 474 2688 causa
500 2642 519 2684 a
542 2619 641 2684 nobis
657 2628 733 2682 acta
755 2616 790 2679 in
806 2611 947 2680 senatu!
972 2613 1095 2699 quibus
1112 2613 1271 2678 adsensi·
1330 2629 1331 2670 t

213 2725 335 2789 onibus
359 2723 509 2788 universi
534 2719 675 2791 ordinis,
695 2737 798 2804 quam
815 2735 880 2780 nec
896 2713 1005 2778 tacitis
1022 2733 1086 2777 nec
1101 2711 1269 2778 occultis!

158 2823 190 2879 ²5
215 2823 366 2910 Quando
382 2823 474 2888 enim
492 2818 765 2908 frequentissimo
783 2826 903 2880 senatu
920 2823 1077 2900 quattuor
1100 2823 1159 2876 aut
1175 2834 1271 2877 surn-

213 2947 307 2990 mum
335 2925 486 3012 quinque
514 2933 592 2986 sunt
620 2918 747 2985 inventi
775 2915 833 3002 qui
862 2913 1004 2979 Milonis
1032 2933 1174 2978 causam
1199 2935 1270 2978 non

214 3024 418 3114 probarent?
469 3023 656 3088 Declarant
689 3019 789 3107 hujus
823 3014 969 3081 ambusti
1000 3013 1123 3077 tribuni
1156 3014 1271 3098 plebis

213 3129 293 3192 illae
316 3127 558 3190 intermortuae
581 3121 770 3194 contiones,
789 3117 912 3205 quibus
933 3113 1056 3179 cotidie
1076 3134 1189 3178 meam
1210 3137 1271 3200 po-
1330 3121 1331 3162 ῑ

212 3228 353 3293 tentiam
381 3224 548 3290 invidiose
573 3222 831 3294 criminabatur,
852 3237 931 3281 cum
957 3212 1086 3280 diceret
1110 3225 1270 3279 senatum

159 3325 195 3380 3⁰
214 3350 283 3393 non
311 3326 402 3414 quod
430 3324 580 3396 sentiret,
609 3323 669 3386 sed
697 3319 789 3407 quod
819 3339 886 3405 ego
911 3315 1036 3380 vellem
1065 3314 1267 3379 decernere.
1330 3319 1331 3394 ,

215 3427 317 3511 Qae
333 3426 471 3513 quidem
489 3423 517 3488 si
534 3421 682 3507 potentia
700 3432 751 3484 est
768 3416 975 3504 appellanda
986 3413 1149 3499 -potius
1161 3435 1267 3499 quam
1330 3415 1331 3468 Ξ

215 3540 273 3592 aut
296 3537 433 3612 propter
456 3542 585 3609 magna
600 3521 636 3584 in
652 3541 724 3584 rem
748 3518 922 3604 publicam
947 3514 1067 3580 merita
1086 3512 1268 3578 mediocris
1330 3571 1331 3576 ,

214 3627 249 3690 in
276 3625 373 3690 bonis
400 3621 513 3688 causis
540 3619 734 3693 auctoritas
757 3629 813 3682 aut
842 3628 979 3703 propter
1008 3615 1071 3679 hos
1095 3613 1267 3679 officiosos

215 3726 349 3787 labores
374 3742 468 3783 meos
492 3739 560 3781 non
588 3717 682 3780 nulla
704 3716 797 3799 apud
823 3718 930 3780 bonos
954 3714 1267 3800 gratia,-appel·

162 3825 197 3880 35
215 3822 303 3882 letur
327 3819 371 3881 ita
400 3837 497 3884 sane,
521 3816 602 3877 dum
632 3815 731 3876 modo
755 3834 796 3876 ea
824 3835 887 3877 nos
910 3824 1048 3877 utamur
1070 3835 1133 3898 pro
1157 3814 1265 3878 salute
1330 3849 1331 3908 t

215 3917 382 3978 bonorum
407 3925 525 3974 contra
550 3912 735 3972 amentiam
761 3911 983 3994 perditorum.
