2668 4262
92 202 223 278 ³11·29·]
395 205 542 295 Appeal
560 216 596 272 to
620 207 676 272 the
705 205 868 274 Citiaeos.
1090 222 1150 270 121

140 428 211 474 ΧΗ.
236 425 283 472 27.
307 407 378 474 Sed
402 409 565 495 quoniam
594 429 713 473 earum
735 429 849 472 rerum
873 429 960 493 quas
977 427 1043 493 ego
1060 405 1153 494 gessi

93 531 167 573 non
202 510 324 574 eadem
350 521 402 574 est
429 509 564 574 tortuna
589 521 691 596 atque
718 509 876 573 condicio
901 530 990 594 quae
1017 508 1152 571 illorum

92 611 153 695 qui
191 624 332 676 externa
352 610 455 690 ‚bella
495 609 851 696 gesserunt-quod
884 609 967 671 milri
999 608 1152 672 cumeis

92 711 284 776 vivendum
313 723 364 775 est
391 731 476 796 quos
500 711 566 774 vici
592 731 632 773 ac
656 710 792 796 subegi,
816 709 867 772 isti
894 709 998 773 hostis
1022 722 1079 772 aut
1103 708 1153 771 in-

91 812 257 877 terfectos
297 824 355 876 aut
393 831 576 896 oppressos
616 811 1055 895 reliquerunt,-vestrum
1088 821 1150 884 est,
1182 839 1195 890 ς

93 911 268 997 QiriteS,
309 911 337 977 si
376 910 498 976 ceteris
529 909 620 974 facta
651 931 713 974 sua
754 923 843 973 recte
880 921 1034 996 prosunt,
1069 909 1152 973 milri

92 1035 177 1077 mea
213 1035 256 1077 ne
296 1013 434 1100 quando
474 1010 587 1076 obsint
625 1009 816 1095 providere.
889 1009 1026 1074 Mentes
1060 1010 1152 1075 enim

92 1114 277 1177 hominum
308 1111 616 1177 audacissimorum
644 1111 831 1175 sceleratae
864 1131 906 1176 ac
933 1110 1085 1175 nefariae
1110 1132 1153 1175 ne

92 1213 196 1278 vobis
224 1235 347 1278 nocere
375 1223 515 1298 possent
542 1232 609 1300 ego
638 1211 791 1298 providi3
831 1233 874 1276 ne
899 1212 982 1276 mihi
1007 1223 1154 1278 noceant

90 1327 248 1378 vestrum
274 1326 324 1378 est
347 1313 540 1398 providere.
611 1311 849 1398 Qamquam,
877 1311 1042 1396 Quiritem
1070 1313 1153 1378 mihi
1168 1340 1197 1375 ιο

91 1414 238 1498 quidem
264 1413 329 1498 ipsi
355 1413 440 1476 nihil
469 1414 513 1477 ab
538 1412 610 1478 istis
635 1414 709 1500 jam
735 1413 851 1478 noceri
877 1423 998 1498 potest.
1049 1413 1153 1500 Mag-

91 1535 181 1577 num
214 1514 305 1578 enim
338 1525 389 1577 est
420 1513 454 1576 in
486 1512 585 1577 bonis
622 1513 847 1599 praesidium,
872 1515 965 1598 quod
1001 1512 1085 1577 mihi
1117 1514 1150 1578 in

92 1626 300 1699 perpetuum
333 1625 567 1698 comparatum
601 1624 682 1686 est;
718 1633 847 1700 magna
878 1613 913 1676 in
945 1634 982 1677 re
1013 1613 1152 1698 publica

92 1715 261 1801 dignitas,
279 1735 367 1801 quae
386 1735 440 1777 me
466 1735 602 1798 semper
618 1712 720 1777 tacita
745 1713 925 1788 desendet3
955 1734 1084 1801 magna
1101 1716 1152 1778 vis

92 1815 340 1888 conscientiae,
370 1829 474 1900 quarn
503 1814 561 1900 qui
586 1816 789 1902 neglegunt,
825 1835 903 1878 curn
936 1837 990 1879 me
1023 1815 1151 1880 violare
1167 1843 1196 1892 ις

91 1915 224 1989 volent,
248 1936 285 1979 se
313 1913 414 2002 [ipsi]
444 1914 655 1978 indicabunt.
718 1931 765 1978 28.
790 1914 852 1978 Est
874 1914 976 1978 etiam
1001 1915 1098 1980 nobis
1123 1915 1151 1981 is

91 2016 245 2090 animus,
272 2014 437 2098 Quirites,
464 2027 593 2080 utnon
619 2015 720 2078 modo
752 2015 880 2080 nullius
904 2016 1071 2082 audaciae
1096 2038 1151 2082 ce-

91 2117 234 2190 damuS,
252 2116 312 2180 sed
330 2115 432 2180 etiam
459 2115 571 2180 omnis
588 2115 762 2200 improbos
778 2117 866 2180 ultro
890 2138 1027 2200 semper
1043 2118 1151 2209 laces-

91 2237 225 2281 samus.
254 2215 358 2301 Qud
372 2216 525 2280 si'omnis
542 2216 690 2300 impetus
706 2217 970 2280 domesticorum
989 2214 1148 2292 hostiurn,

91 2318 261 2402 depulsus
287 2337 306 2380 a
331 2315 440 2389 vobis,
469 2337 505 2382 se
537 2316 572 2379 in
609 2337 664 2380 me
704 2338 810 2380 unum
849 2317 1025 2390 convertit,
1051 2318 1196 2382 vobiszo

92 2420 158 2482 erit
186 2416 385 2489 videndum,
406 2415 572 2500 Quirites,
591 2437 659 2502 qua
693 2416 892 2481 condicione
924 2418 1067 2500 posthac
1090 2439 1150 2483 eos

92 2538 172 2584 esse
204 2516 327 2585 velitis.
354 2517 411 2601 qui
443 2538 480 2581 se
512 2538 574 2600 pro
606 2515 714 2580 salute
742 2529 853 2581 vestra
887 2517 1069 2581 obtulerint
1099 2518 1151 2582 in·

94 2618 209 2683 vidiae
234 2616 462 2703 periculisque
487 2616 667 2680 omnibus:
694 2617 776 2679 milri
801 2617 938 2702 quidem
965 2617 1042 2701 ipsi,
1067 2618 1150 2703 quid

93 2732 147 2783 est
174 2720 265 2804 quod
294 2717 364 2804 jam
395 2717 439 2781 ad
466 2716 555 2780 vitae
584 2715 732 2780 fructum
758 2717 864 2800 possit
893 2717 1039 2802 adquiri,
1069 2739 1148 2782 curn

93 2818 295 2903 praesertim
313 2839 424 2902 neque
441 2818 475 2881 in
494 2819 622 2882 honore
640 2830 763 2892 vestro,
779 2839 891 2903 neque
908 2817 941 2881 in
960 2818 1070 2904 gloria
1082 2818 1150 2881 vir·
1165 2841 1195 2890 25

93 2919 187 2992 tutis,
205 2918 388 3004 quicquam
406 2917 542 2982 videam
571 2916 686 2991 altius,
701 2939 768 3003 quo
793 2917 875 2983 mihi
901 2918 1005 2982 libeat
1028 2939 1149 2983 ascen-

94 3016 200 3083 dere?
234 3033 282 3082 29.
299 3017 388 3083 Illud
406 3017 556 3102 profecto
570 3019 760 3103 perficiam,
776 3017 941 3104 Quirites,
954 3031 990 3082 ut
1006 3039 1149 3104 eaquae

96 3119 189 3205 gessi
217 3119 252 3183 in
278 3118 455 3182 consulatu
484 3119 636 3203 privatus
664 3132 761 3184 tuear
777 3132 878 3204 atque
902 3140 1042 3184 ornem:
1067 3131 1103 3183 ut
1120 3119 1147 3184 si

96 3240 163 3304 qua
181 3231 230 3284 est
246 3217 374 3283 invidia
401 3221 638 3284 conservanda
665 3241 701 3284 re
728 3221 865 3306 publica
888 3233 1059 3305 suscepta,
1079 3221 1149 3284 lae-

98 3320 154 3384 dat
169 3320 315 3392 invidos,
335 3320 417 3382 mihi
437 3322 549 3385 valeat
566 3321 609 3385 ad
635 3321 794 3408 gloriam.
845 3320 1003 3406 Denique
1027 3319 1072 3385 ita
1093 3343 1148 3386 me
1164 3342 1195 3390 30

96 3420 130 3482 in
157 3442 192 3484 re
218 3420 355 3504 publica
387 3423 553 3494 tractabo,
584 3434 619 3485 ut
650 3422 860 3486 meminerim
894 3443 1031 3505 semper
1058 3443 1147 3508 quae

98 3521 275 3605 gesserim,
294 3542 479 3607 curemque
506 3533 541 3585 ut
557 3542 597 3586 ea
615 3521 749 3595 virtute,
770 3545 836 3586 non
859 3543 940 3587 casu
958 3536 1054 3610 gesta
1072 3545 1147 3588 esse

97 3621 286 3686 videantur.
324 3621 410 3695 Vos,
432 3620 596 3706 Quirites,
616 3622 778 3707 quoniam
792 3623 863 3711 jam
882 3644 951 3688 nox
969 3637 1030 3699 est,
1046 3645 1149 3688 vene·

99 3721 157 3784 rati
177 3721 314 3806 Jovem,
340 3721 436 3784 illum
462 3721 637 3785 custodem
664 3721 764 3809 hujus
793 3723 886 3788 urbis
914 3745 955 3788 ac
983 3736 1146 3798 vestrum,

98 3818 130 3883 in
159 3835 269 3888 vestra
298 3832 387 3886 tecta
415 3821 600 3894 discedite3
633 3834 666 3885 et
692 3843 745 3895 ea,
768 3844 976 3910 quamquam
1001 3825 1072 3912 jam
1098 3837 1148 3889 est
1163 3843 1195 3894 35

99 3923 285 4008 periculum
318 3920 515 4007 depulsum,
543 3932 658 3984 tamen
691 3941 799 4007 aeque
832 3943 873 3986 ac
905 3925 1016 4009 priore
1049 3937 1147 3990 nocte
