2716 4266
216 216 282 264 200
573 194 731 282 Desence
754 197 803 282 ᾔ
822 195 925 262 Μίίο.
1160 192 1264 263 [Mna
1329 239 1330 274 3

214 397 340 464 cussit?
387 395 482 483 Qrid
496 397 503 463 l
521 398 549 464 si
566 398 639 484 ipse
656 398 722 464 Cn.
743 398 940 484 Pompeius,
959 399 1016 486 qui
1030 419 1072 463 ea
1086 397 1213 461 virtme
1229 415 1267 460 ac

214 501 348 566 fortuna
374 512 425 566 est
449 512 486 565 ut
504 522 545 565 ea
562 501 707 585 potuerit
733 521 870 584 semper
894 521 982 586 quae
1008 521 1108 564 nemo
1134 508 1268 583 praeter

215 602 324 676 illum,
337 602 365 666 si
382 603 423 676 is,
436 601 589 688 inquam,
605 602 768 686 potuisset
780 613 838 664 aut
853 601 1085 687 quaestionem
1099 600 1145 664 de
1166 611 1268 661 morte

215 701 256 766 Ρ.
286 701 386 767 Clodi
414 703 502 766 ferre
530 714 588 766 aut
615 703 726 786 ipsum
755 701 799 765 ab
826 701 944 766 inferis
971 704 1134 774 excitare,
1159 711 1270 762 utrum

162 821 177 877 ς
216 803 340 888 putatis
356 803 467 888 potius
483 802 652 866 facturum
667 800 795 866 fuisse?
840 801 952 866 Etiam
970 801 998 866 si
1023 813 1165 886 propter
1190 797 1271 861 ami·

216 903 329 967 citiam
355 903 459 967 vellet
489 902 586 966 illum
618 902 661 972 ab
693 900 810 966 inferis
843 923 1000 976 evocare,
1027 912 1170 985 propter
1202 918 1271 961 rem

216 1003 389 1088 publicam
406 1024 474 1067 non
490 1001 638 1066 fecisset.
686 1000 771 1088 Ejus
787 1000 892 1088 igitur
908 1001 1023 1066 mortis
1040 1000 1169 1064 sedetis
1189 999 1272 1062 ulto-

216 1123 284 1175 res,
297 1103 393 1190 cujus
405 1101 509 1166 vitam
527 1101 554 1166 si
571 1100 693 1187 putetis
710 1123 771 1186 per
780 1123 841 1166 vos
857 1101 985 1166 restitui
1002 1121 1116 1186 posse,
1135 1099 1272 1170 nolitis;

216 1204 308 1268 etde
324 1202 398 1289 ejus
414 1224 500 1266 nece
515 1203 584 1266 lata
601 1201 754 1288 quaestio
770 1213 833 1276 est,
851 1201 908 1287 qui
932 1201 962 1266 si
977 1201 1055 1288 lege
1071 1201 1201 1264 eadem
1225 1219 1275 1261 re-

166 1335 199 1374 ιο
216 1303 382 1368 viviscere
399 1313 525 1388 posset,
543 1303 612 1366 lata
628 1303 686 1366 lex
701 1323 888 1388 numquam
905 1313 1007 1366 esset.
1056 1299 1174 1388 Hujus
1192 1319 1275 1385 ergo

217 1402 411 1468 interfector
435 1403 462 1466 si
493 1409 595 1474 esset,
630 1401 666 1465 in
699 1402 890 1466 confitendo
922 1402 965 1466 ab
997 1401 1090 1465 eisne
1124 1421 1275 1486 poenam

218 1505 349 1570 timeret
365 1525 451 1588 quos
467 1501 700 1568 liberavisset?
735 1521 784 1567 ao.
807 1502 932 1568 Graeci
949 1502 1104 1567 homines
1130 1504 1274 1568 deorum

219 1605 366 1668 honores
393 1603 544 1667 tribuunt
574 1602 624 1668 eis
655 1604 736 1668 viris
767 1604 825 1690 qui
856 1615 1020 1690 tyrannos
1047 1613 1272 1666 necaverunt.

220 1702 322 1784 Quae
339 1723 405 1790 ego
418 1702 487 1767 vidi
500 1701 647 1767 Athenis
660 1701 667 1766 1
688 1725 776 1789 quae
790 1703 866 1768 aliis
878 1703 913 1766 in
926 1703 1066 1767 urbibus
1080 1698 1274 1767 Graeciae!

170 1825 199 1881 15
219 1824 305 1888 quas
327 1823 386 1866 res
411 1802 545 1867 divinas
570 1803 694 1868 talibus
713 1803 882 1868 institutas
896 1801 999 1867 viris!
1023 1824 1109 1888 quos
1136 1815 1273 1873 cantus,

220 1924 309 1989 quae
324 1901 500 1967 carmina!
533 1923 639 1987 prope
662 1904 705 1968 ad
729 1903 989 1968 immortalitatis
1013 1915 1046 1967 et
1068 1903 1274 1990 religionem

220 2014 253 2068 et
273 2002 471 2067 memoriam
492 2015 746 2068 consecrantur.
794 2003 868 2068 Vos
890 2003 973 2068 tanti
998 2015 1276 2068 conservatorem

220 2102 351 2188 populi,
365 2103 448 2168 tanti
462 2104 600 2170 sceleris
613 2105 755 2168 ultorem
773 2125 841 2168 non
855 2105 956 2170 modo
969 2103 1154 2168 honoribus
1175 2102 1275 2168 nullis

221 2201 400 2278 adficietis,
433 2203 494 2268 sed
526 2203 628 2267 etiam
661 2203 705 2268 ad
733 2204 938 2289 supplicium
970 2204 1045 2288 rapi
1076 2200 1276 2289 patiemini?

170 2323 204 2362 20
221 2301 460 2377 Confiteretur,
480 2303 707 2378 confiteretur,
721 2303 874 2390 inquam,
889 2303 918 2368 si
935 2303 1083 2378 fecisset,
1095 2314 1130 2368 et
1147 2323 1276 2391 magno

222 2403 337 2467 animo
362 2414 395 2467 et
418 2402 562 2466 libenter
585 2402 706 2468 fecisse
731 2425 767 2468 se
791 2403 954 2468 libertatis
976 2403 1131 2468 omnium
1155 2424 1275 2476 causa,

221 2503 313 2589 quod
340 2514 431 2568 esset
461 2504 492 2568 ei
524 2525 592 2568 non
623 2504 853 2568 confitendum
885 2503 1000 2580 moda,
1029 2504 1276 2570 verumetiam

223 2602 503 2688 praedicandum.

267 2723 357 2768 xxx.
382 2721 422 2767 ει.
444 2702 579 2768 Etenim
594 2702 622 2768 si
635 2703 669 2768 id
682 2725 751 2768 non
764 2713 869 2791 negat
881 2725 925 2768 ex
937 2723 1006 2790 quo
1018 2703 1104 2768 nihil
1117 2704 1202 2790 petit
1215 2701 1277 2768 nisi

172 2817 206 2871 2⁵
223 2815 260 2868 ut
286 2803 493 2890 ignoscatur,
510 2803 678 2868 dubitaret
705 2803 739 2867 id
768 2803 863 2866 fateri
892 2825 936 2867 ex
960 2824 1029 2889 quo
1053 2805 1154 2868 etiam
1178 2825 1278 2891 prae-

223 2906 293 2968 mia
309 2905 421 2969 laudis
437 2915 550 2968 essent
566 2901 735 2988 petenda?
761 2903 825 2967 nisi
838 2923 919 2967 vero
936 2905 1067 2990 gratius
1084 2917 1178 2989 putat
1202 2924 1277 2969 esse

224 3005 321 3070 vobis
337 3005 389 3070 sui
406 3011 443 3070 'se
460 3004 580 3090 capitis
597 3024 701 3089 quam
716 3003 819 3067 vestn'
836 3002 1051 3069 defensorem
1065 3003 1183 3080 fuisse,
1199 3025 1277 3070 cum

224 3105 423 3190 praesertim
453 3104 586 3191 [iales
612 3103 838 3178 confessione,
866 3103 893 3168 si
916 3104 1005 3191 grati
1030 3127 1106 3170 esse
1131 3106 1275 3180 velletis,

225 3206 373 3272 honores
401 3207 644 3292 adsequeretur
668 3203 908 3289 amplissimos.
959 3203 997 3269 Si
1026 3205 1154 3271 factum
1181 3206 1277 3274 vobis

173 3313 210 3367 30
226 3329 294 3372 non
317 3308 803 3394 ¹probaretur--quamquam
835 3302 894 3389 qui
925 3317 1057 3389 poterat
1088 3308 1181 3374 salus
1216 3329 1275 3374 sua

225 3409 387 3496 cuiquam
406 3411 474 3474 non
497 3405 777 3493 probari?—sed
801 3417 916 3469 tamen
931 3405 960 3469 si
978 3407 1090 3472 minus
1107 3407 1275 3474 fortissimi

225 3510 288 3574 viri
306 3511 411 3574 virtus
428 3509 558 3574 civibus
575 3517 672 3596 grata
696 3506 888 3579 cecidisset,
907 3526 1036 3592 magno
1059 3508 1175 3574 animo
1198 3529 1274 3573 con·

225 3611 394 3697 stantique
412 3610 547 3698 cederet
563 3631 607 3672 ex
622 3609 757 3694 ingrata
775 3605 919 3671 civitate.
967 3604 1061 3670 Nam
1085 3609 1167 3694 quid
1191 3615 1275 3673 esset

225 3710 393 3796 ingratius
410 3729 513 3794 quam
531 3707 648 3770 laetari
665 3717 808 3776 ceteros,
823 3705 942 3789 lugere
956 3703 1033 3768 eum
1050 3708 1162 3772 solum
1173 3727 1273 3792 prop

174 3803 207 3860 ³5
227 3821 277 3872 ter
315 3828 415 3893 quem
457 3805 559 3870 ceteri
598 3802 825 3868 laetarentur?
871 3819 917 3866 aa.
953 3803 1176 3892 Quamquam
1214 3808 1274 3871 hoc

228 3907 343 3969 animo
371 3903 506 3986 se'm'per
533 3923 661 3966 omnes·
680 3901 806 3965 fuimus
834 3901 868 3965 in
897 3903 1029 3986 patriae
1052 3905 1273 3989 proditoribus
