2668 4262
63 219 148 258 xx111.
163 205 221 277 es]
318 208 389 274 Tre
424 209 570 276 Wounas
595 213 642 299 os
660 215 715 279 ue
741 215 865 282 Aruas.
1070 221 1110 290 ει

62 432 136 474 rum
163 411 390 488 consuluistis,
416 426 506 480 recte
530 415 583 479 isti
609 415 720 480 studia
745 429 857 483 vestra
875 419 945 484 suis
963 423 1129 488 consiliis
1143 324 1279 496 Q'³⁸3'
1244 413 1306 473 „fg

61 532 182 596 regere
199 525 375 576 conantur.
411 513 473 578 Sin
492 527 605 578 autern
623 539 683 580 vos
700 518 777 600 plus
794 520 910 582 tumin
927 523 1114 606 republica
1184 533 1215 628 Ξῖ
1239 480 1293 627 ,l

63 610 205 684 vidistis,
219 635 279 676 vos
293 613 342 676 eis
355 616 627 699 repugnantibus
640 639 701 700 per
714 631 845 682 vosmet
858 619 950 704 ipsos
968 609 1246 708 dignita-‘12⁴³
1312 660 1322 681 x

60 722 127 774 tem
147 711 251 776 huic'
243 713 400 796 imperio,
419 715 562 778 salutem
580 717 652 780 orbi
674 728 840 782 terrarum
866 722 1034 795 attulistis
1055 724 1116 786 ali·

60 813 199 897 quando
216 813 268 876 isti
287 813 459 898 principes
478 827 511 878 et
530 815 593 879 sibi
619 827 652 880 et
676 818 796 880 ceteris
821 821 938 905 populi
963 821 1114 886 Romani
1150 851 1166 908 Ι

60 911 210 977 universi
228 913 417 978 auctoritati
435 916 625 998 parendum
640 937 715 980 esse
728 916 909 983 fateantur.
952 921 1066 1008 Atque
1081 924 1115 986 in

61 1012 127 1076 hoc
154 1013 246 1077 bello
271 1011 425 1080 Asiatico
452 1026 486 1080 et
513 1015 609 1102 regio
637 1038 705 1080 non
734 1019 843 1082 solum
874 1021 1029 1086 militaris
1058 1023 1114 1085 illa

59 1113 179 1187 virtus,
200 1135 289 1198 quae
309 1125 359 1178 est
379 1114 413 1178 in
437 1113 504 1180 Cn.
527 1114 693 1202 Pompeio
718 1117 916 1205 singularis,
941 1123 1002 1186 sed
1027 1123 1115 1186 aliae

59 1233 197 1299 quoque
219 1214 357 1280 virtutes
380 1215 485 1281 animi
509 1237 658 1304 magnae
681 1230 713 1281 et
737 1220 862 1283 multae
885 1222 1113 1307 requiiffuntur

60 1311 211 1378 Difficil‘e
225 1331 274 1380 est
287 1315 320 1378 in
331 1312 431 1390 Asia,
444 1315 581 1391 Cilicia,
596 1315 699 1403 Syria
716 1320 902 1406 regnisque
918 1322 1115 1386 interiorum
1136 1355 1165 1388 ιι

59 1415 237 1480 nationum
267 1416 313 1481 ita
341 1397 470 1482 veisari
499 1429 651 1482 nostrum
679 1418 934 1502 imperatorem,
964 1433 999 1486 ut
1031 1423 1116 1485 nihil

61 1515 204 1581 aliud'
171 1539 235 1580 nisi
227 1516 296 1582 de
314 1518 410 1582 hoste
428 1518 527 1582 aede
547 1518 649 1582 laude
670 1519 807 1605 cogitet
858 1519 992 1586 Deinde
1014 1523 1115 1586 etiarn

60 1617 87 1680 si
107 1617 165 1704 qui
185 1630 262 1682 sunt
279 1619 409 1702 pudore
426 1639 468 1683 ac
484 1619 709 1702 temperantia
727 1620 982 1694 moderatiores,
1001 1635 1116 1686 tamen

60 1739 118 1782 eos
140 1741 218 1783 esse
241 1720 319 1784 talis
344 1731 480 1804 propter
504 1719 754 1784 multitudinem
780 1721 981 1804 cupidorum
1009 1723 1116 1786 bomi-

59 1838 140 1881 num
160 1841 263 1904 nemo
281 1821 472 1883 arbitratur.
521 1835 566 1881 aa.
589 1818 737 1883 Difficile
755 1833 805 1884 est
822 1820 926 1895 dictu,
948 1820 1112 1903 Quirites,
1136 1849 1165 1906 ¹1

59 1934 188 2003 quanto
216 1919 250 1983 in
278 1920 356 1984 odio
385 1921 492 1984 simus
521 1920 612 2003 apud
638 1933 773 1984 exteras
798 1920 953 1984 nationes
977 1937 1116 2006 propter

59 2037 193 2092 eorum,
211 2041 297 2106 quos
314 2020 358 2084 ad
375 2041 434 2084 eas
453 2040 513 2104 per
533 2020 595 2084 hos
616 2040 724 2082 annos
749 2040 827 2084 curn
852 2020 996 2104 irnperio
1021 2023 1113 2086 misi·

60 2139 147 2194 mus,
169 2121 327 2184 libidines
344 2132 376 2185 et
396 2119 549 2207 injurias.
600 2117 705 2204 Quod
730 2119 822 2183 enim
846 2118 963 2184 fanum
990 2124 1114 2205 putatis

59 2218 92 2281 in
121 2221 190 2283 illis
218 2220 315 2284 terris
343 2220 466 2284 nostris
495 2218 749 2305 magistratibus
774 2220 987 2306 religiosum,
1009 2243 1112 2306 quam

58 2317 229 2384 civitatem
265 2332 434 2394 sanctam,
463 2340 567 2405 quam
599 2321 738 2384 domum
772 2319 854 2384 satis
886 2320 1039 2386 clausam
1073 2343 1163 2386 acu

59 2421 225 2484 munitam
254 2419 381 2486 fuisse?
438 2419 551 2486 Urbes
575 2419 647 2507 jam
678 2421 865 2504 locupletes
893 2433 926 2486 et
953 2421 1113 2506 copiosae

58 2522 287 2607 requiruntur,
305 2521 429 2606 quibus
445 2541 551 2584 causa
567 2520 647 2584 belli
665 2533 802 2604 propter
819 2520 1000 2604 diripiendi
1019 2522 1113 2605 cupi-

59 2621 196 2686 ditatem
221 2622 397 2686 inseratur.
445 2637 493 2684 oo.
517 2620 682 2684 Libenter
706 2620 792 2684 haec
816 2641 931 2684 coram
957 2642 1035 2685 cum
1062 2621 1115 2706 Q

58 2719 181 2788 Catulo
210 2734 243 2788 et
267 2722 321 2807 Q
343 2720 539 2792 Hortensio,
564 2720 707 2784 summis
735 2732 767 2784 et
792 2721 990 2785 clarissimis
1015 2722 1110 2796 viris,

57 2821 279 2906 disputarem.
329 2821 509 2886 Noverunt
525 2821 615 2884 enim
634 2821 802 2884 sociorum
822 2822 973 2886 volnera.
994 2822 1111 2886 vident
1129 2851 1160 2901 ²5

58 2941 174 2987 eorum
199 2922 425 2996 calamitates,
451 2921 683 3008 querimonias
709 2921 861 2984 audiunt.
912 2920 979 2986 Pro
1008 2921 1110 2986 sociis

57 3041 116 3086 vos
133 3035 250 3088 contra
268 3023 372 3088 hostis
390 3022 576 3087 exercitum
595 3021 726 3084 mittere
743 3020 879 3106 putatis,
901 3041 943 3084 au
963 3023 1108 3086 bostium

58 3120 271 3188 simulatione
288 3136 405 3189 contra
423 3123 534 3187 socios
551 3133 652 3206 atque
669 3119 820 3184 amicos?
868 3120 969 3205 Quae
990 3121 1109 3186 civitas

58 3223 157 3286 estin
173 3223 260 3287 Asia
275 3243 364 3310 quae
382 3245 450 3288 non
469 3222 570 3286 modo
590 3221 805 3304 imperatoris
830 3234 886 3284 aut
911 3221 1029 3308 legati,
1047 3223 1107 3286 sed

62 3323 157 3388 unius
172 3324 296 3389 tribuni
314 3323 459 3388 militum
476 3322 609 3386 animos
627 3341 667 3385 ac
684 3321 821 3406 spiritus
839 3341 963 3406 capere
980 3319 1108 3406 possit?
1126 3352 1159 3400 30
1170 3337 1199 3391 ,u

102 3442 205 3488 xxm.
234 3424 316 3507 Qu
329 3445 378 3498 re,
393 3423 494 3487 etiam
508 3420 650 3506 siquem
665 3421 797 3486 habetis
811 3421 867 3506 qui
882 3421 1025 3485 conlatis
1039 3421 1108 3505 sig-

62 3520 111 3586 nis
137 3525 306 3588 exercitus
333 3523 447 3610 regios
476 3541 638 3604 superare
668 3541 768 3603 posse
796 3522 964 3595 videatur,
992 3534 1106 3585 tamen

62 3622 122 3686 nisi
139 3625 201 3689 erit
216 3626 320 3698 idem,
339 3623 396 3709 qui
415 3621 486 3709 [se]
505 3641 524 3684 a
542 3621 696 3704 pecuniis
713 3621 897 3694 sociorum,
916 3622 972 3707 qui
993 3623 1035 3684 ab
1052 3643 1108 3686 eo-

62 3742 132 3787 rum
156 3725 360 3812 conjugibus
386 3745 426 3786 ac
443 3719 570 3793 liberie,
589 3720 646 3806 qui
665 3721 708 3784 ab
725 3723 933 3786 ornamentis
952 3722 1106 3785 sanorum

63 3835 156 3909 atque
180 3826 397 3910 oppidorum,
422 3822 478 3909 qui
504 3822 547 3885 ab
572 3841 655 3884 auro
678 3841 835 3907 gazaque
857 3822 953 3907 regia
971 3843 1105 3893 manus,
1127 3853 1157 3901 35

63 3925 187 4002 oculos,
205 3926 358 3990 animum
376 3923 536 3990 cohibere
561 3921 678 4005 possit,
703 3943 770 3986 uon
796 3921 860 3986 erit
882 3921 1025 3988 idoneus
1049 3923 1107 4006 qui

572 4028 589 4076 6
