2668 4262
71 181 180 253 111·6·]
359 181 410 248 At
433 183 489 248 the
511 183 676 250 Mulvr'an
701 184 853 272 Brr'dge.
957 246 965 263 ‚
1070 205 1130 252 111

70 385 163 470 quid
188 384 400 460 molirentur,
428 385 587 450 sentirem
616 407 658 450 ac
684 386 858 461 viderem;
892 398 940 460 ut,
970 386 1133 473 quoniam

71 487 222 550 auribus
262 487 382 550 vestris
418 499 554 570 propter
588 487 823 551 incredibilem
861 488 1131 573 magnitudinem

27 607 37 624 ³
70 586 221 651 sceleris
251 587 416 650 minorem
445 587 548 650 fidem
578 587 704 650 faceret
732 588 839 651 oratio
869 609 958 661 mea,
987 611 1057 652 rem
1088 589 1132 650 ita

5 714 12 724 ’
65 687 424 771 comprehenderem,
442 699 479 749 ut
494 698 564 749 turn
582 687 720 750 demum
742 687 866 750 animis
883 687 982 752 saluti
1001 701 1132 752 vestrae

70 787 318 872 provideretis,
342 806 420 850 curn
446 787 555 850 oculis
585 786 791 873 maleficium
816 786 928 871 ipsum
957 783 1176 879 videretislf3

70 887 216 972 Itaque,
234 898 271 950 ut
287 886 437 970 comperi
455 887 588 972 legatos
609 885 850 974 Allobrogum,
868 888 949 951 belli
968 887 1132 952 Transal·

71 987 151 1073 pini
178 997 212 1051 et
233 986 397 1050 tumultus
417 985 544 1050 Gallici
561 986 734 1049 excitandi
752 1007 868 1061 causa,
888 1008 908 1050 a
925 987 964 1051 P.
984 987 1133 1052 Lentulo

70 1109 156 1152 esse
182 1085 392 1159 sollicitatos,
417 1107 544 1171 eosque
569 1086 603 1149 in
624 1085 774 1150 Galliam
798 1087 840 1151 ad
864 1109 942 1152 suos
962 1087 1058 1162 civis,
1077 1109 1133 1152 eo·

71 1189 231 1273 demque
248 1186 366 1250 itinere
383 1207 461 1249 curn
480 1185 599 1250 litteris
617 1187 853 1272 mandatisque
879 1187 923 1252 ad
947 1185 1133 1252 Catilinam

71 1309 157 1352 esse
183 1287 318 1360 missos,
340 1285 568 1378 comitemque
592 1287 642 1352 eis
667 1287 864 1374 adjunctum
891 1309 965 1352 esse
986 1283 1031 1350 T.
1050 1287 1135 1352 Vol·
1149 1328 1179 1362 ,ο

71 1387 242 1460 turcium,
264 1399 364 1471 atque
390 1385 470 1450 huic
494 1387 537 1450 ad
562 1384 747 1451 Catilinam
772 1409 847 1451 esse
872 1388 969 1451 datas
991 1387 1132 1461 litteras,

72 1488 279 1552 facultatem
292 1486 374 1571 mihi
386 1487 535 1550 oblatam
548 1487 676 1572 putavi,
689 1499 725 1550 ut
735 1523 779 1536 -
789 1488 879 1572 quod
892 1499 964 1552 erat
977 1488 1134 1552 difficilli-

73 1609 192 1660 mum,
210 1587 369 1673 quodque
387 1608 453 1673 ego
471 1608 606 1672 semper
623 1587 783 1670 optabam
801 1589 844 1651 ab
861 1588 913 1652 dis
937 1589 1135 1652 immortali·

73 1690 143 1753 bus
155 1697 280 1752 -tota
297 1709 351 1752 res
369 1709 436 1752 non
454 1689 564 1774 solum
583 1709 602 1754 a
621 1709 688 1762 me,
707 1687 768 1752 sed
786 1687 886 1751 etiarn
903 1701 1055 1752 asenatu
1069 1701 1134 1752 eta

74 1789 181 1853 vobis
203 1788 382 1853 manifesto
408 1789 731 1874 deprehenderetur.
780 1802 806 1847 5·
831 1787 950 1873 Itaque
976 1789 1134 1853 hesterno
1151 1827 1182 1876 15

75 1889 136 1953 die
163 1887 209 1952 L.
231 1888 395 1952 Flaccum
420 1902 454 1952 et
477 1887 520 1954 C.
542 1887 761 1973 Pomptinum
789 1899 973 1972 praetores,
995 1887 1137 1952 sortissi-

77 2011 157 2054 mos
184 2000 283 2074 atque
316 1988 567 2054 amantissimos
598 1987 647 2051 rei
680 1988 838 2073 publicae
870 1987 973 2061 viros,
1004 1988 1047 2052 ad
1080 2009 1134 2052 me

76 2089 226 2162 vocavi3
259 2111 329 2153 rem
356 2089 512 2173 exposui,
531 2089 612 2174 quid
631 2088 702 2151 lieri
721 2090 871 2172 placeret
887 2088 1031 2154 ostendi.
1081 2087 1134 2152 Illi

78 2202 212 2264 autern,
231 2189 288 2275 qui
305 2189 421 2254 omnia
438 2189 480 2252 de
497 2210 533 2252 re
551 2189 687 2272 publica
709 2189 886 2272 praeclara
912 2201 1012 2274 atque
1037 2211 1136 2275 egre-

79 2291 140 2378 gia
168 2291 343 2361 sentirent,
362 2290 434 2354 sine
451 2289 663 2354 recusatione
682 2309 722 2352 ac
739 2289 812 2353 sine
830 2290 899 2352 ulla
917 2310 1012 2352 mora
1030 2311 1135 2374 nego·
1149 2325 1180 2360 20

78 2392 168 2456 tium
186 2403 421 2476 susceperunt,
441 2401 486 2463 et,
505 2410 581 2453 curn
601 2389 915 2472 advesperasceret,
934 2390 1066 2453 occulte
1092 2389 1136 2454 ad

79 2504 222 2577 pontem
248 2490 418 2555 Mulvium
445 2501 683 2574 pervenerunt,
709 2500 810 2574 atque
834 2489 879 2552 ibi
908 2489 942 2552 in
972 2491 1136 2574 proximis

79 2593 174 2658 villis
197 2592 244 2656 ita
267 2591 425 2676 bipartito
446 2589 593 2662 suerunt,
613 2601 649 2652 ut
670 2589 806 2653 Tiberis
823 2589 909 2652 inter
927 2611 984 2654 eos
1001 2602 1033 2653 et
1051 2611 1136 2674 pons

80 2692 272 2758 interesset.
334 2691 465 2756 Eodem
499 2701 612 2754 autem
652 2700 684 2752 et
725 2689 789 2774 ipsi
825 2690 898 2753 sine
934 2690 1135 2776 cujusquam

81 2793 271 2879 suspitione
304 2792 426 2856 multos
458 2790 553 2855 sortis
585 2789 675 2854 viros
707 2790 909 2863 eduxerant,
937 2803 968 2853 et
998 2811 1063 2876 ego
1092 2813 1180 2875 ex25

81 2893 299 2977 praefectura
327 2892 477 2956 Reatina
506 2890 692 2975 compluris
717 2891 866 2954 delectos
892 2890 1133 2963 adulescentis,

82 3015 229 3079 quorum
253 3012 358 3077 opera
383 3005 458 3056 utor
483 2991 626 3056 adsidue
651 2990 687 3054 in
712 3012 748 3054 re
777 2991 914 3074 publica
948 2992 1133 3075 praesidio,

83 3114 163 3158 cum
192 3093 317 3181 gladiis
345 3092 517 3156 miseram.
566 3106 595 3152 o.
620 3091 772 3165 Interim,
796 3091 893 3154 tertia
922 3090 992 3154 fere
1017 3091 1135 3175 vigilia

6 3251 9 3258 .
84 3207 220 3268 exacta,
247 3213 325 3257 cum
350 3192 422 3280 jam
451 3203 588 3278 pontem
618 3191 790 3254 Mulvium
820 3211 946 3275 magno
975 3191 1136 3254 comitatu

84 3291 189 3381 legati
211 3291 440 3379 Allobrogum
464 3291 599 3379 ingredi
622 3291 824 3376 inciperent,
844 3311 981 3375 unaque
998 3289 1136 3354 Voltur·
1151 3325 1183 3376 30

86 3392 170 3467 cius,
188 3393 225 3458 fit
241 3393 276 3457 in
293 3414 352 3457 eos
369 3393 535 3476 impetus3
561 3392 752 3455 educuntur
768 3403 800 3454 et
817 3392 859 3456 ab
879 3391 945 3454 illis
970 3391 1078 3476 gladii
1102 3402 1136 3457 et

88 3511 107 3556 a
123 3493 256 3558 nostris.
300 3493 374 3558 Res
391 3491 603 3577 praetoribus
619 3503 692 3555 erat
708 3502 788 3554 nota
805 3492 898 3566 solis,
913 3491 1135 3579 ignorabatur

88 3594 254 3660 aceteris.

131 3713 183 3758 111.
208 3693 315 3768 Tum,
336 3692 527 3757 interventu
551 3689 721 3776 Pomptini
748 3703 848 3779 atque
865 3691 997 3766 Flacci,
1017 3713 1134 3779 pugna

94 3789 195 3878 [quae
212 3804 285 3857 erat
300 3790 501 3878 commissa]
518 3791 683 3856 sedatur.'
718 3789 881 3866 Litterae,
897 3813 1133 3878 quaecumque
1154 3823 1185 3878 35

90 3905 183 3959 erant
205 3891 240 3958 in
264 3914 304 3958 eo
328 3891 502 3968 comitatu,
526 3889 669 3977 integris
693 3889 802 3977 signis
825 3891 1039 3977 praetoribus
1066 3903 1133 3956 tra·
