2716 4266
219 183 282 268 238
441 183 511 251 The
535 183 707 272 Struggle
729 184 870 272 against
893 182 1046 271 Antony.
1072 182 1177 254 [Pau.
1192 184 1272 236 XIV.

217 384 361 459 Hirtius,
376 384 474 474 cujus
491 386 756 451 imbecillitatem
775 385 979 450 valetudinis
996 386 1102 450 animi
1116 386 1226 450 virtus
1242 397 1273 450 et

215 508 294 572 spes
311 487 472 551 victoriae
496 486 722 551 confirmavit.
771 484 917 561 Caesar,
936 506 1012 549 cum
1038 487 1196 550 exercitu
1215 507 1272 570 per

215 608 251 650 se
269 600 466 672 comparato
480 607 557 650 cum
577 587 722 669 primum
741 585 891 670 pestibus
904 607 976 649 rem
994 586 1172 671 publicam
1192 587 1272 649 libe-

216 700 335 760 rasset,
348 709 391 750 ne
404 687 486 774 quid
501 699 617 771 postea
632 687 770 750 sceleris
786 698 951 760 oreretur,
968 685 1142 769 proiectus
1161 701 1213 749 est
1230 686 1271 748 ad

161 802 176 858 5
216 789 361 852 eundem
382 787 523 851 Brutum
542 787 769 862 liberandum,
783 785 931 871 vicitque
949 786 1102 850 dolorem
1119 781 1271 872 aliquem

215 887 437 951 domesticum
464 887 594 972 patriae
619 886 771 952 caritate.
820 905 847 952 5.
871 884 967 972 Qud
991 884 1033 951 C.
1056 884 1176 950 Pansa
1202 897 1274 971 egit

216 988 308 1052 aliud
324 989 503 1053 dilectibus
530 988 711 1056 habendis,
730 988 876 1072 pecunia
902 987 1151 1072 comparanda,
1170 1003 1274 1050 sena·

215 1099 268 1152 tus
292 1088 453 1152 consultis
479 1088 646 1152 faciendis
663 1089 877 1174 gravissimis
893 1087 928 1152 in
946 1086 1150 1161 Antonium,
1171 1087 1273 1151 nobis

215 1188 445 1261 cohortandis,
465 1189 592 1272 populo
610 1187 772 1253 Romano
789 1190 833 1253 ad
853 1209 994 1254 causam
1018 1187 1185 1252 libertatis
1213 1209 1274 1251 vo-

162 1316 195 1356 ro
215 1289 338 1360 cando,
357 1287 420 1352 nisi
446 1299 482 1351 ut
502 1287 545 1352 D.
565 1286 692 1352 Brutus
709 1288 931 1354 liberaretur?
978 1287 1011 1352 A
1027 1310 1095 1374 quo
1119 1287 1274 1373 populus

215 1387 394 1452 Romanus
427 1387 588 1474 frequens
620 1388 666 1452 ita
698 1390 843 1454 salutem
873 1389 917 1454 D.
954 1387 1050 1454 Bruti
1080 1410 1150 1452 una
1181 1408 1274 1452 voce

214 1488 425 1572 depoposcit,
456 1500 491 1552 ut
520 1510 595 1552 eam
626 1510 695 1553 non
728 1490 838 1553 solum
871 1490 1062 1554 commodis
1093 1489 1175 1562 suis,
1207 1488 1274 1552 sed

214 1589 315 1652 etiam
334 1589 526 1653 necessitati
544 1589 652 1653 victus
670 1590 863 1654 anteferret.
915 1586 1019 1674 Qtod
1041 1611 1178 1673 sperare
1206 1611 1274 1654 nos

214 1687 350 1773 quidem
368 1689 548 1762 debemus,
568 1702 680 1772 patres
705 1688 901 1773 conscripti,
920 1700 978 1752 aut
1001 1689 1082 1752 inibi
1108 1710 1182 1752 esse
1212 1700 1274 1753 aut
1349 1743 1350 1754 ,

163 1808 193 1862 ¹5
219 1787 290 1874 jam
317 1809 391 1852 esse
417 1787 623 1852 consectum.
674 1787 745 1853 Sed
770 1788 842 1873 spei
866 1789 1013 1853 fructum
1033 1787 1082 1852 rei
1107 1789 1274 1852 convenit

214 1898 247 1951 et
270 1900 391 1951 evento
408 1887 589 1960 reservari,
608 1909 650 1952 ne
669 1901 727 1951 aut
745 1889 886 1952 deorum
903 1888 1143 1952 immortalium
1161 1888 1273 1952 bene-

214 1987 327 2050 ficium
346 1987 561 2052 festinatione
579 1987 821 2071 praeripuisse,
841 1999 898 2052 aut
914 1987 983 2052 vim
1005 1987 1158 2052 fortunae
1182 1989 1274 2052 stul·

213 2087 283 2152 titia
301 2087 546 2171 contempsisse
564 2087 753 2150 videamur.

257 2205 284 2252 a.
308 2187 377 2252 Sed
395 2188 556 2272 quoniam
574 2186 778 2274 significatio
791 2197 903 2252 vestra
921 2186 1003 2252 satis
1019 2187 1170 2252 declarat
1180 2188 1272 2274 quid

161 2301 196 2340 20
214 2289 281 2353 hac
308 2289 350 2352 de
378 2309 415 2352 re
443 2287 608 2360 sentiatis
637 2287 680 2350 ad
710 2288 836 2352 litteras
856 2287 1006 2360 veniam,
1034 2300 1224 2373 quaesunt
1250 2310 1271 2352 a
1348 2335 1349 2374 3

213 2389 410 2452 consulibus
426 2399 459 2449 et
477 2409 495 2448 a
513 2400 732 2470 propraetore
750 2387 887 2462 missac,
907 2387 934 2450 si
952 2409 1062 2472 pauca
1080 2400 1158 2451 ante
1174 2409 1270 2472 quae

213 2490 258 2555 ad
280 2490 372 2572 ipsas
393 2488 521 2550 litteras
544 2486 736 2569 pertineant
755 2486 887 2551 dixero.
936 2506 988 2550 111.
1016 2487 1139 2551 Imbuti
1156 2489 1268 2573 gladii

126 2669 129 2676 .
213 2601 302 2664 sunt,
316 2602 428 2672 patres
442 2585 638 2669 conscripti,
654 2587 829 2672 legionum
843 2587 1122 2674 exercituumque
1135 2599 1270 2652 nostro·

213 2711 301 2760 rum,
320 2688 373 2750 vel
401 2686 581 2751 madefacti
608 2685 719 2769 potius
743 2687 876 2751 duobus
900 2687 1044 2751 duorum
1069 2688 1266 2760 consulum,

161 2793 194 2846 25
213 2788 309 2852 tertio
334 2786 494 2850 Caesaris
520 2783 662 2871 proelio.
712 2785 750 2852 Si
769 2787 915 2851 hostium
940 2787 1002 2852 fuit
1025 2786 1083 2852 ille
1108 2789 1266 2874 sanguis,

214 2909 346 2952 summa
380 2886 523 2949 militum
557 2885 686 2969 pietas:
712 2886 889 2972 nefarium
921 2889 1046 2963 scelus,
1068 2887 1096 2952 si
1123 2888 1264 2953 civium.

214 2987 294 3069 Quo
312 3008 418 3072 usque
436 2985 540 3072 igitur
557 2985 598 3058 is,
613 2986 670 3071 qui
684 2986 795 3050 omnis
813 2986 918 3052 bostis
931 2987 1059 3052 scelere
1077 2989 1265 3072 superavit,

214 3087 351 3152 nomine
373 3087 477 3150 bostis
495 3085 647 3150 carebit?
672 3086 736 3150 nisi
755 3108 935 3151 mucrones
953 3087 1054 3152 etiam
1072 3100 1266 3154 nostrorum

214 3187 358 3251 militum
375 3197 520 3250 tremere
537 3185 651 3262 voltiS,
670 3187 855 3252 dubitantis
871 3200 984 3251 utrum
1002 3188 1036 3251 in
1060 3188 1135 3254 cive
1161 3210 1206 3254 an
1232 3191 1266 3255 in

160 3290 196 3350 30
214 3289 309 3352 hoste
327 3287 488 3373 figantur.
536 3304 564 3351 t.
588 3285 883 3373 Supplicationem
902 3288 1105 3363 decernitis3
1132 3291 1265 3358 hostem

213 3408 281 3452 non
299 3380 491 3472 appellatis.
542 3388 672 3453 Gratae
688 3409 770 3454 vero
786 3399 922 3454 nostrae
939 3388 992 3454 dis
1015 3388 1266 3458 immortalibus

212 3486 458 3574 gratulationes
476 3501 586 3564 erunt,
606 3500 725 3574 gratae
741 3487 914 3562 victimae,
934 3509 1012 3552 cum
1029 3488 1207 3556 interfecta
1225 3493 1266 3557 sit

213 3587 337 3651 civium
362 3587 561 3653 multitudo!
613 3587 1101 3674 ‘Deimprobis'inquit‘et
1125 3591 1265 3657 audaci·
1332 3673 1335 3681 Α

213 3685 302 3748 bus.’
344 3685 436 3750 Nam
455 3688 504 3750 sic
521 3709 579 3751 eos
597 3688 748 3770 appellat
761 3686 971 3752 clarissimus
989 3688 1060 3751 vir:
1081 3711 1170 3775 quae
1188 3706 1264 3758 sunt

159 3783 192 3838 3⁵
214 3785 422 3846 urbanarum
455 3785 637 3848 maledicta
661 3785 782 3860 litium,
808 3807 876 3848 non
901 3785 1032 3850 inustae
1057 3788 1137 3852 belli
1162 3790 1264 3856 inter·

214 3880 323 3944 necivi
345 3893 454 3976 notae3
488 3882 709 3946 Testamenta
727 3881 860 3967 (credo)
878 3885 1047 3966 subiciunt
1064 3899 1121 3952 aut
1137 3889 1264 3966 eiciunt
