2714 4266
111 210 194 253 xxm.
208 191 265 264 7²·]
288 187 497 254 Parricida:
530 190 588 254 the
616 187 733 256 Crr'me
757 190 832 254 aad
853 191 896 254 r'ts
921 189 1081 275 Penalty.
1124 211 1163 256 11

122 391 332 481 jugulatum.
382 391 471 457 Cum
486 412 599 479 neque
615 413 734 457 servus
751 391 930 478 quisquam
947 391 1164 478 reperiretur,

117 514 228 578 neque
246 492 343 566 liber,
362 492 406 557 ad
423 513 524 578 quem
543 513 583 556 ea
608 491 750 576 suspitio
774 493 968 576 pertineret,
988 493 1022 556 id
1048 493 1165 556 aetatis

117 605 230 655 autem
260 593 328 656 duo
355 593 413 655 lilii
439 604 576 676 propter
599 593 763 656 cubantes
788 613 831 655 ne
856 593 1002 656 sensisse
1027 594 1165 679 quidem

116 712 153 756 se
171 691 335 766 dicerent,
355 691 494 754 nomina
512 692 657 755 filiorum
675 692 718 756 de
736 692 918 776 parricidio
936 694 1048 756 delata
1073 705 1162 757 sunt.

118 789 213 875 Quid
231 802 361 876 poterat
377 803 444 854 tam
464 812 539 855 esse
562 790 803 876 suspitiosum?
851 791 1065 858 Neutrumne
1090 815 1166 858 sen·
1195 827 1211 882 ς

117 888 224 956 sisse?
271 889 406 955 Ausum
436 903 549 955 autem
575 913 649 956 esse
674 912 881 979 quemquam
906 915 943 958 se
967 894 1002 958 in
1026 895 1061 958 id
1085 916 1167 959 con-

116 991 214 1057 clave
231 991 455 1065 committere,
471 1013 513 1056 eo
529 992 743 1076 potissimum
761 1005 927 1079 tempore,
943 1015 1021 1060 cum
1038 995 1165 1060 ibidem

117 1102 232 1157 essent
258 1091 327 1156 duo
352 1092 589 1158 adulescentes
614 1093 687 1168 filii,
706 1095 763 1180 qui
788 1107 821 1159 et
844 1097 967 1160 sentire
993 1089 1025 1162 et
1049 1096 1166 1162 desen-

116 1193 198 1257 dere
215 1191 316 1257 facile
333 1205 472 1278 possent
489 1191 504 1258 ?
549 1210 595 1257 ar.
619 1193 702 1258 Erat
719 1215 819 1280 porro
836 1217 937 1260 nemo
954 1196 988 1260 in
1004 1219 1106 1283 quem
1123 1218 1166 1264 ea

116 1292 259 1378 suspitio
287 1293 494 1360 conveniret.
558 1294 695 1360 Tamen
724 1316 802 1360 curn
831 1297 972 1382 planum
993 1297 1166 1387 judicibus
1182 1327 1213 1367 ιο

116 1405 207 1460 esset
222 1395 363 1470 sactum,
380 1406 497 1481 aperto
513 1396 599 1462 ostio
617 1396 815 1462 dormientis
833 1419 891 1462 eos
907 1411 1058 1484 repertos
1075 1421 1163 1476 esse,

122 1494 252 1582 judicio
269 1496 414 1560 absoluti
428 1497 664 1561 adulescentes
678 1508 711 1561 et
723 1498 910 1582 suspitione
923 1499 1015 1564 omni
1033 1500 1165 1565 liberati

116 1606 208 1660 sunt.
257 1594 371 1661 Nemo
396 1596 488 1662 enirn
509 1597 649 1682 putabat
665 1619 872 1684 quemquam
890 1620 978 1673 esse,
997 1599 1068 1686 qui,
1087 1622 1164 1665 cum

116 1696 232 1759 omnia
250 1697 364 1760 divina
384 1708 484 1783 atque
502 1698 652 1761 humana
667 1698 745 1786 jura
763 1699 892 1763 scelere
909 1700 1040 1764 nefario
1058 1702 1166 1785 pollu-

116 1795 210 1870 isset,
225 1817 382 1860 somnum
397 1798 508 1862 statim
523 1818 646 1882 capere
660 1799 843 1882 potuisset3
864 1811 1043 1884 propterea
1059 1802 1163 1887 quod,
1183 1829 1211 1880 15

116 1896 173 1982 qui
192 1907 321 1960 tantum
335 1897 471 1962 lacinus
492 1898 747 1972 commiserunt,
766 1921 834 1964 non
860 1901 961 1965 modo
985 1900 1059 1965 sine
1083 1922 1166 1966 cura

116 1995 305 2083 quiescere,
325 1997 385 2062 sed
402 2018 445 2061 ne
463 1997 592 2082 spirare
609 1998 747 2084 quidem
765 1999 838 2063 sine
856 2013 946 2064 metu
965 2013 1117 2084 possunt.

160 2112 206 2160 aa.
232 2095 350 2182 Qare
375 2099 441 2162 boc
464 2119 532 2183 quo
557 2098 669 2162 minus
690 2112 741 2162 est
757 2100 920 2164 credibile
937 2101 1001 2165 nisi
1018 2101 1166 2166 ostendi-

115 2206 183 2270 tur,
198 2218 239 2261 eo
257 2197 369 2284 magis
387 2209 450 2271 est,
465 2197 492 2261 si
510 2197 735 2273 convincitur,
753 2199 1012 2264 vindicandum.
1047 2200 1165 2288 Itaque

114 2317 194 2360 cum
218 2297 332 2361 multis
354 2317 397 2360 ex
422 2298 523 2362 rebus
548 2297 700 2384 intellegi
725 2309 835 2383 potest
859 2301 1004 2387 majores
1033 2311 1165 2366 nostros
1182 2329 1211 2364 20

114 2418 184 2461 non
214 2397 316 2461 modo
341 2397 445 2462 armis
470 2398 674 2484 plusquam
700 2410 830 2463 ceteras
855 2401 1022 2475 nationeS,
1045 2423 1164 2466 verum

114 2497 218 2562 etiam
237 2497 379 2562 consilio
392 2497 628 2582 sapientiaque
647 2497 809 2582 potuisse,
825 2511 894 2563 tum
914 2522 956 2563 ex
975 2501 1092 2565 haere
1111 2501 1164 2564 vel

115 2598 279 2668 maxime,
298 2598 390 2682 quod
408 2597 441 2660 in
459 2597 582 2682 impios
599 2598 774 2683 singulare
795 2599 999 2684 supplicium
1025 2599 1165 2664 invene·

113 2709 213 2762 runt:
239 2697 327 2761 insui
345 2696 525 2761 voluerunt
541 2696 574 2760 in
593 2698 728 2761 culeum
742 2698 850 2772 vivos,
867 2711 967 2784 atque
984 2699 1018 2763 in
1035 2700 1164 2764 flumen

113 2797 216 2863 deici.
266 2795 299 2861 O
335 2795 546 2884 singularem
582 2797 797 2881 sapientiam,
831 2798 987 2887 judices!
1038 2799 1164 2866 Nonne
1180 2826 1210 2880 ²⁵

112 2898 273 2962 videntur
302 2898 394 2962 hunc
423 2896 596 2962 hominem
626 2918 670 2961 ex
698 2919 812 2963 rerum
842 2911 963 2965 natura
987 2901 1164 2968 sustulisse

114 3009 149 3064 et
171 2997 348 3084 eripuisse,
375 2997 430 3062 cui
456 3009 594 3082 repente
623 2998 771 3074 caelum,
798 3001 919 3074 solem,
947 3021 1070 3088 aquam
1099 3014 1166 3068 ter·

114 3120 257 3185 ramque
286 3098 496 3163 ademerint:
529 3108 566 3162 ut
592 3098 650 3183 qui
680 3119 758 3162 eum
776 3113 945 3174 necasset,
975 3104 1066 3167 unde
1091 3103 1164 3189 ipse

115 3212 215 3263 natus
248 3208 349 3272 esset,
384 3209 516 3263 careret
546 3198 595 3262 eis
627 3199 728 3263 rebus
760 3201 931 3276 omnibus,
966 3223 1009 3266 ex
1041 3204 1164 3289 quibus

114 3298 230 3363 omnia
247 3309 328 3362 nata
346 3319 421 3362 esse
438 3297 618 3363 dicuntur?
662 3315 709 3362 aa.
733 3297 927 3366 Noluerunt
943 3301 1022 3368 seris
1040 3325 1164 3388 corpus
1179 3332 1210 3382 30

115 3399 264 3471 obicere,
283 3419 327 3462 ne
344 3397 460 3462 bestiis
477 3419 625 3484 quoque,
644 3420 733 3485 quae
750 3392 881 3465 tantum
898 3403 1010 3468 scelus
1035 3404 1164 3490 attigis-

116 3509 201 3571 sent,
226 3497 485 3561 immanioribus
510 3509 708 3562 uteremur:
740 3521 808 3564 non
840 3503 889 3569 sic
919 3505 1030 3568 nudos
1050 3505 1084 3568 in
1101 3504 1164 3568 flu·

117 3617 194 3661 men
219 3597 367 3668 deicere,
394 3617 450 3669 ne,
476 3618 554 3661 cum
580 3598 683 3661 delati
713 3611 826 3662 essent
853 3601 887 3665 in
917 3625 1024 3674 mare,
1051 3605 1163 3687 ipsum

117 3696 320 3781 polluerent,
338 3711 406 3781 quo
430 3707 555 3766 cetera,
573 3719 662 3783 quae
687 3699 812 3762 violata
838 3714 926 3776 sunt,
946 3703 1076 3787 expiari
1103 3725 1164 3786 pu·

116 3806 239 3859 tantur.
290 3794 448 3880 Denique
479 3795 564 3858 nibil
593 3808 660 3859 tam
691 3798 757 3860 vile
786 3819 895 3884 neque
924 3812 994 3864 tam
1020 3803 1163 3888 volgare
1180 3833 1211 3887 35

117 3907 167 3961 est
182 3895 280 3980 cujus
302 3909 431 3980 partem
456 3895 561 3958 ullam
588 3896 797 3982 reliquerint.
846 3897 981 3964 Etenim
1007 3901 1088 3988 quid
1113 3914 1164 3966 est
