2668 4262
194 205 258 273 104
483 185 698 274 Conspz‘racy
721 187 769 274 of
788 185 951 252 Catz'lrite.
1065 186 1186 255 [Cfflb
1210 184 1253 237 11.

192 386 390 452 se'interlici
411 387 528 450 mallet
548 408 650 473 quam
671 388 826 452 exsulem
849 387 973 452 vivere.
1022 387 1126 452 Nunc
1152 409 1251 460 vero,

192 509 269 552 cum
299 488 329 551 ei
357 489 442 552 nibil
471 489 585 551 adhuc
613 502 746 572 praeter
775 488 881 572 ipsius
914 488 1121 552 voluntatem
1156 487 1255 574 cogi·
1325 479 1326 542 l

141 629 142 634 κ
191 589 420 674 tationemque
438 587 611 662 acciderit,
631 587 695 652 nisi
713 589 803 675 quod
820 588 907 652 vivis
925 589 1023 652 nobis
1040 589 1156 653 Roma
1172 610 1255 672 pro·

191 687 299 752 sectus
331 701 393 761 est,
423 699 579 772 optemus
611 687 722 772 potius
751 699 786 752 ut
813 700 869 752 eat
896 688 932 753 in
961 689 1119 753 exsilium
1145 709 1255 774 quam

160 809 386 874 squeramur.

237 907 315 951 V111.
341 903 382 950 tr.
406 887 476 953 Sed
498 897 646 952 curtam
666 888 725 954 diu
748 889 790 953 de
811 911 879 954 uno
899 881 995 954 hoste
1016 889 1200 976 loquimur,
1220 899 1258 952 et
1325 879 1326 882 ¹

192 988 236 1052 de
261 990 355 1052 hoste
372 987 429 1074 qui
446 987 518 1075 jam
535 987 657 1051 fatetur
674 1010 710 1052 se
729 1011 803 1053 esse
822 990 967 1064 hostem,
987 999 1019 1053 et
1035 1011 1151 1075 quem,
1170 988 1256 1075 quia
1325 995 1326 1040 ἓ

196 1088 304 1201 (quod
322 1109 459 1172 semper
474 1087 584 1172 volui)
601 1109 718 1152 murus
736 1088 886 1164 interest,
906 1111 974 1154 non
992 1089 1115 1152 timeo:
1140 1088 1183 1152 de
1203 1088 1257 1151 eis

120 1189 250 1297 qui
275 1187 502 1260 dissimulant,
527 1188 585 1273 qui
610 1187 746 1251 Romae
771 1198 961 1263 remanent,
984 1189 1040 1300 qui
1070 1187 1258 1252 nobiscum

60 1365 63 1370 Ι
102 1298 174 1376 ‚3¹0
194 1300 283 1362 sunt,
302 1288 387 1351 nibil
404 1286 571 1352 dicimus?
619 1286 718 1370 Quos
739 1289 878 1374 quidem
903 1310 982 1374 eg0,
1002 1289 1028 1352 si
1054 1288 1123 1352 ullo
1149 1288 1258 1351 modo

112 1378 125 1466 ’ᾗ
194 1389 266 1453 fieri
291 1388 409 1473 possit,
436 1399 597 1452 nontam
622 1389 741 1453 ulcisci
766 1389 885 1453 studeo
910 1410 1014 1474 quam
1039 1408 1161 1451 sanare
1185 1387 1258 1451 sibi
1325 1399 1326 1402 ’

106 1485 111 1547 f
194 1489 299 1575 ipsos,
324 1490 462 1574 placare
487 1487 534 1551 rei
560 1488 730 1573 publicae,
757 1510 868 1574 neque
892 1489 926 1553 id
951 1509 1019 1575 qua
1038 1509 1074 1551 re
1091 1487 1163 1551 fieri
1180 1499 1258 1552 non

193 1590 311 1675 possit,
332 1589 359 1653 si
378 1611 431 1652 me
449 1588 566 1652 audire
584 1589 710 1663 volent,
730 1588 904 1676 intellego.
955 1588 1138 1674 Exponam
1158 1589 1258 1651 enim

192 1691 302 1765 vobim
332 1688 497 1772 Quirites,
526 1710 570 1752 ex
597 1689 720 1775 quibus
753 1689 937 1776 generibus
963 1688 1141 1754 hominum
1165 1688 1258 1752 istae

85 1829 87 1833 .
144 1815 174 1865 15
194 1790 313 1876 copiae
338 1800 599 1874 comparentur:
632 1789 756 1854 deinde
779 1789 924 1876 singulis
947 1789 1151 1855 medicinam
1170 1809 1259 1852 con·

193 1890 246 1956 sili
270 1903 369 1977 atque
391 1890 553 1956 orationis
577 1911 686 1964 meae,
709 1890 736 1954 si
759 1911 863 1976 quam
884 1902 1014 1974 potero,
1037 1888 1219 1954 adferam:

238 2007 279 2056 18.
302 1991 417 2056 Unum
435 2013 546 2079 genus
564 2004 614 2056 est
631 2013 761 2065 eorum,
776 1992 834 2078 qui
852 2013 980 2079 magno
998 1991 1033 2055 in
1046 2012 1124 2055 aere
1138 1989 1258 2054 alieno

193 2092 340 2181 majores
358 2093 459 2156 etiam
478 2091 711 2177 possessiones
729 2093 867 2167 habent,
887 2113 1032 2178 quarum
1050 2110 1166 2155 amore
1193 2091 1259 2155 ad-

194 2192 284 2257 ducti
305 2191 444 2258 dissolvi
465 2193 559 2257 nullo
585 2193 686 2258 modo
711 2203 863 2277 possunt.
916 2192 1048 2256 Horum
1073 2189 1259 2256 hominum
1325 2181 1326 2188 ἵ

144 2313 176 2348 20
194 2293 327 2378 species
341 2305 391 2358 est
403 2291 642 2357 honestissima
653 2302 785 2356 -sunt
799 2292 889 2356 enim
903 2292 1112 2377 locupletes:
1132 2290 1258 2354 volun-

194 2404 245 2458 tas
263 2413 343 2458 vero
361 2404 393 2457 et
409 2413 513 2457 causa
530 2392 838 2477 impudentissima.
889 2391 945 2455 Tu
971 2392 1076 2478 agris,
1098 2402 1134 2456 tu
1159 2389 1259 2455 aedi·

194 2492 293 2568 ficiis,
316 2505 350 2558 tu
376 2504 532 2580 argeum,
550 2503 586 2557 tu
604 2492 746 2566 familia,
765 2503 800 2555 tu
818 2492 920 2556 rebus
937 2491 1096 2556 omnibus
1112 2502 1257 2555 ornatus

195 2603 227 2658 et
254 2593 412 2678 copiosus
437 2593 497 2665 sis,
519 2603 552 2656 et
579 2591 712 2656 dubites
741 2593 783 2656 de
813 2591 1028 2676 possessione
1056 2590 1254 2666 detrahere,

195 2693 374 2779 adquirere
392 2693 435 2757 ad
455 2689 580 2756 fidem?
627 2690 724 2775 Quid
749 2691 839 2755 enim
865 2689 1068 2775 exspectas?
1099 2689 1256 2755 bellum?

146 2792 291 2878 25Q1id
315 2791 421 2880 ergo?
452 2792 486 2855 in
511 2792 698 2856 vastatione
723 2791 890 2866 omnium,
914 2802 990 2854 tuas
1016 2791 1256 2876 possessiones

195 2905 430 2959 sacrosanctas
447 2892 576 2957 futuras
594 2890 714 2976 putas?
741 2890 799 2955 An
818 2891 951 2956 tabulas
968 2889 1098 2956 novas?
1126 2889 1258 2955 Errant

194 2994 253 3080 qui
270 2994 351 3058 istas
368 3015 388 3056 a
404 2992 553 3058 Catilina
570 3002 790 3076 exspectant:
824 3012 901 3055 meo
921 2991 1089 3056 beneficio
1114 2991 1255 3055 tabulae

195 3115 304 3159 novae
325 3093 549 3178 proferentur,
570 3113 690 3156 verum
715 3091 959 3155 auctionariae.
1008 3090 1134 3177 Neque
1159 3091 1254 3154 enim

195 3193 262 3270 isti,
281 3193 338 3281 qui
355 3191 587 3278 possessiones
605 3193 743 3266 habent,
763 3191 830 3254 alia
848 3190 978 3255 ratione
992 3190 1061 3254 ulla
1075 3189 1162 3254 salvi
1175 3211 1255 3254 esse

147 3315 178 3364 30
196 3305 348 3379 possunt.
399 3291 503 3377 Qud
521 3291 548 3356 si
567 3291 730 3355 maturius
742 3291 857 3354 sacere
870 3289 1069 3364 voluissent,
1085 3310 1255 3375 neque-

196 3395 230 3459 id
247 3394 337 3481 quod
354 3391 589 3457 stultissimum
603 3403 707 3456 est-
719 3402 848 3455 certare
865 3410 944 3454 cum
962 3389 1073 3454 usuris
1087 3389 1253 3454 fructibus

196 3493 427 3579 praediorum,
446 3502 478 3555 et
494 3491 769 3576 locupletioribus
787 3490 839 3554 his
856 3501 889 3553 et
905 3489 1102 3554 melioribus
1120 3488 1252 3554 civibus

195 3606 379 3658 uteremur.
429 3590 499 3656 Sed
517 3592 621 3654 hosce
639 3591 794 3654 homines
811 3589 951 3654 minime
969 3601 1050 3673 puto
1075 3588 1252 3673 pertimes-

197 3693 336 3764 cendos
360 3691 451 3775 quod
474 3701 531 3752 aut
553 3689 675 3754 deduci
699 3689 741 3752 de
766 3689 931 3752 sententia
956 3699 1110 3772 possunt,
1130 3700 1200 3763 aut,
1223 3689 1251 3753 si

148 3815 179 3866 35
198 3791 456 3873 permanebunt,
477 3788 587 3872 magis
605 3787 686 3848 mihi
704 3786 861 3850 videntur
885 3799 962 3851 vota
986 3787 1107 3852 facturi
1132 3798 1251 3852 contra

198 3907 270 3949 rem
287 3887 459 3970 publicam
477 3906 579 3971 quarn
597 3905 692 3948 arma
708 3884 822 3948 laturi.
