2714 4266
84 209 148 250 vu.
170 197 224 268 17.]
338 199 563 286 Importance
587 203 635 286 os
648 201 705 265 tlze
727 200 915 267 Provz‘ace.
1104 197 1148 284 63
1217 258 1221 266 ·

84 421 175 464 cum
203 400 246 466 de
275 399 434 466 maximis
462 401 583 467 vestris
611 401 839 488 vectigalibus
864 400 1008 490 agatur?
1055 401 1148 467 Nam

84 516 285 565 ceterarum
326 501 579 586 provinciarum
620 503 815 588 vectigalia,
857 501 1022 588 Quirites,
1056 515 1148 568 tanta

84 612 185 678 sunt,
207 615 243 666 ut
265 602 314 665 eis
337 603 380 665 ad
404 602 496 686 ipsas
519 603 712 688 provincias
735 603 894 667 tutandas
919 604 977 666 vix
1002 603 1149 667 contenti

83 722 171 766 esse
195 702 386 787 possimus:
414 701 500 766 Asia
523 725 605 767 vero
621 717 689 766 tam
708 703 822 786 opima
841 716 891 768 est
908 724 949 766 ac
967 703 1096 778 fertilis,
1116 716 1150 767 ut

85 813 125 865 et
145 803 295 866 ubertate
313 810 476 890 agrorum
494 815 527 866 et
543 803 706 866 varietate
727 802 896 867 fructuum
922 816 955 868 et
979 805 1150 892 maguitu-
1179 824 1194 878 5

84 901 175 966 dine
192 901 356 987 pastionis
373 914 406 966 et
423 903 636 967 multitudine
654 924 772 967 earum
790 925 902 968 rerum
921 924 1009 990 quae
1027 926 1150 990 expor-

84 1013 220 1077 tantur,
245 1002 346 1066 sacile
371 1003 528 1067 omnibus
553 1003 650 1068 terris
675 1004 867 1068 antecellat.
919 1001 1038 1088 Itaque
1064 1006 1150 1068 haec

85 1101 191 1166 vobis
209 1101 398 1188 provincia,
417 1100 584 1186 Quirites
603 1103 631 1166 si
649 1115 681 1168 et
697 1102 777 1168 belli
801 1103 977 1167 utilitatem
1001 1115 1033 1167 et
1055 1104 1150 1188 pacis

86 1201 297 1288 dignitatem
322 1202 468 1267 retinere
487 1203 599 1278 voltis,
619 1224 687 1268 non
708 1203 810 1269 modo
828 1223 846 1266 a
864 1203 1069 1278 calamitate,
1089 1205 1150 1268 sed

86 1301 198 1366 etiam
216 1321 237 1365 a
254 1313 343 1366 metu
363 1303 566 1367 calamitatis
583 1314 634 1368 est
655 1302 884 1368 defendenda.
933 1320 973 1365 15.
997 1303 1089 1367 Nam
1115 1305 1148 1366 in
1165 1326 1196 1361 ιο

87 1403 218 1466 ceteris
243 1403 345 1468 rebus
369 1423 447 1466 cum
472 1404 564 1467 venit
590 1403 780 1476 calamitas,
807 1414 877 1466 tum
910 1403 1149 1466 detrimentum

88 1501 283 1586 accipitur3
308 1513 341 1566 at
356 1502 391 1566 iu
410 1503 636 1590 vectigalibus
654 1525 721 1568 non
739 1503 849 1566 solum
869 1504 1035 1566 adventus
1054 1504 1147 1576 mali,

88 1603 158 1666 sed
178 1602 279 1665 etiam
301 1614 411 1686 metus
430 1602 503 1687 ipse
528 1602 638 1667 adfert
662 1603 904 1666 calamitatem.
929 1661 931 1666 ,
954 1601 1045 1679 Nam
1071 1624 1149 1665 cum

89 1701 246 1766 hostium
273 1703 393 1787 copiae
421 1724 488 1766 non
522 1703 626 1790 longe
655 1703 789 1775 absunt,
817 1702 919 1766 etiam
948 1702 975 1765 si
1005 1702 1152 1785 inruptio

89 1803 193 1866 nulla
218 1802 308 1867 sacta
331 1815 394 1878 est,
415 1814 531 1866 tamen
556 1803 717 1887 pecuaria
742 1801 955 1888 relinquitur,
980 1802 1053 1888 agri
1080 1803 1150 1865 cul·
1166 1825 1195 1876 ¹5

89 1915 173 1967 tura
190 1903 367 1977 deseritur,
388 1915 613 1968 mercatorum
632 1903 806 1990 navigatio
826 1903 1048 1988 conquiescit.
1098 1903 1149 1966 lta

68 2080 70 2086 y
91 2023 210 2089 neque
235 2023 278 2066 ex
304 2015 401 2087 portu
425 2024 537 2089 neque
562 2025 605 2067 ex
623 2003 777 2067 decumis
794 2025 905 2088 neque
923 2025 966 2066 ex
984 2003 1149 2088 scriptura

90 2103 245 2190 uectigal
274 2103 469 2167 conservari
496 2117 625 2188 potest:
657 2124 725 2189 qua
752 2124 788 2166 re
816 2124 919 2186 saepe
944 2103 1044 2168 totius
1068 2103 1148 2166 anni

76 2191 227 2294 ¹fructus
254 2225 322 2268 uno
351 2226 486 2268 rumore
515 2203 656 2289 periculi
687 2217 786 2290 atque
815 2225 882 2267 uno
910 2203 990 2267 belli
1023 2216 1149 2269 terrore

92 2294 279 2403 amilllturq
304 2320 346 2366 lo.
367 2302 448 2389 Quo
461 2304 599 2368 taudem
613 2305 716 2390 igitur
730 2304 844 2370 animo
857 2325 933 2368 esse
950 2304 1148 2368 existimatis
1164 2323 1195 2359 20

33 2399 57 2467 Ji
92 2390 227 2526 autqos
239 2403 297 2490 qui
314 2402 498 2490 vectigalia
515 2404 612 2468 nobis
630 2404 813 2488 pensitant,
829 2414 886 2467 aut
903 2425 961 2468 eos
978 2403 1034 2489 qui
1053 2426 1151 2468 exer-

30 2498 81 2588 ῑγ
92 2514 174 2575 cent
192 2516 292 2590 atque
310 2504 466 2590 exigunt,
482 2524 559 2568 cum
578 2505 646 2568 duo
663 2525 763 2590 reges
778 2525 855 2567 cum
870 2503 1029 2568 maximis
1042 2505 1149 2588 copiis

66 2578 235 2690 'plopter
253 2602 387 2668 adsint?
422 2625 502 2668 cum
523 2624 591 2667 una
616 2603 774 2667 excursio
800 2603 967 2688 equitatus
993 2604 1148 2687 perbrevi

92 2716 250 2789 tempore
273 2705 373 2769 totius
394 2704 474 2768 anni
491 2704 640 2790 vectigal
658 2702 791 2767 auferre
809 2701 935 2786 possit?
968 2725 1044 2766 cum
1065 2705 1150 2787 pub·

93 2804 200 2869 licani
217 2804 366 2869 familias
383 2804 564 2876 maximas,
583 2826 670 2890 quas
687 2803 721 2866 in
738 2804 880 2867 saltibus
906 2803 1044 2870 habent.
1063 2826 1149 2889 quas
1163 2824 1192 2874 25

92 2903 130 2968 in
157 2905 262 2991 agris,
284 2925 370 2990 quas
394 2905 429 2968 in
454 2905 616 2988 portubus
634 2916 734 2989 atque
751 2903 927 2976 custodiis,
947 2925 1073 2990 magno
1092 2927 1149 2988 pe-

92 3005 204 3069 riculo
221 3027 257 3069 se
275 3005 401 3069 habere
419 3003 644 3069 arbitrentur?
691 3002 866 3068 Putatisne
884 3025 944 3067 vos
961 3003 1026 3067 illis
1049 3006 1149 3068 rebus

94 3105 162 3170 frui
182 3127 295 3190 posse,
317 3105 382 3172 nisi
402 3127 461 3170 eos
485 3105 541 3192 qui
567 3105 662 3170 vobis
688 3104 810 3169 fructui
836 3116 913 3169 sunt
937 3105 1149 3169 conservari-

94 3208 138 3272 tis
169 3227 238 3271 non
271 3207 380 3272 solum
410 3207 464 3292 (ut
495 3216 573 3270 ante
602 3205 691 3292 dixi)
720 3205 927 3279 calamitate,
955 3205 1016 3270 sed
1045 3206 1149 3270 etiam

95 3306 299 3373 calamitatis
324 3306 504 3371 formidine
529 3305 700 3370 liberatos.
726 3303 755 3390 ll
1162 3324 1193 3374 30

140 3427 205 3471 vn.
231 3423 271 3470 ιτ.
295 3405 350 3472 Ac
373 3428 416 3470 ne
439 3406 522 3470 illud
539 3405 678 3492 quidem
694 3405 791 3471 vobis
809 3405 1065 3494 neglegendum
1084 3416 1146 3481 est,

96 3508 188 3594 quod
205 3507 288 3571 mihi
305 3527 372 3594 ego
389 3516 578 3570 extremum
597 3527 855 3590 proposueram,
875 3527 952 3571 cum
971 3527 1081 3570 essem
1105 3506 1147 3570 de

95 3607 176 3672 belli
200 3629 329 3694 genere
353 3606 518 3681 dicturuS,
536 3605 627 3691 quod
653 3605 696 3668 ad
715 3606 896 3670 multorum
914 3607 1005 3671 bona
1022 3605 1148 3670 civium

97 3705 333 3772 Romanorum
351 3705 507 3791 pertinet,
526 3727 671 3790 quorum
688 3704 784 3769 vobis
802 3725 862 3789 pro
879 3719 991 3770 vestra
1012 3705 1148 3790 sapien·
1193 3785 1196 3796 Ι
1232 3761 1234 3766 .

97 3807 154 3880 tia,
179 3805 344 3890 QiriteS,
373 3806 532 3870 habenda
561 3817 612 3869 est
639 3805 723 3869 ratio
751 3805 945 3892 diligenter.
994 3805 1086 3869 Nam
1116 3818 1148 3870 et
1162 3789 1193 3877 ds

98 3907 282 3991 publicani,
297 3907 453 3971 homiues
470 3893 698 3970 honestissimi
716 3916 816 3991 atque
832 3905 1051 3980 ornatissimi,
1068 3926 1147 3970 suas
