2668 4262
221 197 285 263 106
510 198 725 287 Conspz'racy
749 201 796 285 os
816 163 980 265 Calrltize.
1091 197 1219 268 [Cfflh
1241 196 1278 249 Π·
1329 243 1330 312 3

218 421 286 462 non
305 400 405 465 modo
423 400 592 475 homines,
611 401 732 466 sedne
751 401 902 487 pecudes
925 399 1063 486 quidem
1090 399 1175 464 mihi
1200 421 1279 486 pas·

217 521 317 563 surae
335 522 411 564 esse
429 501 620 565 videantur.

263 620 299 664 x.
325 617 368 663 21.
393 598 563 684 Qtartum
587 623 698 687 genus
715 612 766 665 est
781 622 865 666 sane
880 600 1014 664 varium
1031 611 1065 665 et
1081 599 1231 663 mixtum
1247 611 1279 663 ct

217 700 462 773 turbulentum,
478 699 535 786 qui
550 700 623 786 jam
638 701 770 784 pridem
785 712 997 784 premuntur,
1012 699 1071 786 qui
1084 719 1278 784 numquam

188 794 412 886 semerg'unt,
443 801 500 886 qui
533 799 656 884 partim
685 800 821 875 inertia,
847 799 969 885 partim
1000 800 1091 866 male
1119 800 1278 886 gerendo

218 899 370 984 negotio,
390 901 512 984 partim
531 899 631 964 etiam
651 899 842 984 sumptibus
858 899 893 964 in
917 911 1030 964 vetere
1055 920 1135 963 aere
1161 898 1277 962 alieno

217 998 400 1070 vacillant;
434 999 491 1085 qui
520 998 738 1073 vadimoniis,
761 998 913 1086 judiciis,
939 997 1187 1083 proscriptione
1217 997 1278 1062 bo-

218 1119 338 1163 norum
365 1099 555 1187 defatigati,
575 1099 734 1184 permulti
752 1111 784 1163 et
801 1121 845 1163 ex
861 1101 945 1164 urbe
962 1110 1055 1164 etex
1072 1097 1166 1185 agris
1183 1119 1224 1163 se
1242 1099 1277 1162 in

217 1199 277 1262 illa
295 1211 405 1264 castra
423 1201 577 1265 conferre
594 1201 764 1264 dicuntur.
804 1198 921 1264 Hosce
938 1220 1004 1286 ego
1021 1209 1170 1264 nontam
1185 1199 1277 1261 mili-

170 1322 201 1359 ιο
217 1311 267 1364 tes
296 1301 383 1364 acris
407 1321 511 1386 quam
536 1301 733 1365 infitiatores
757 1300 866 1364 lentos
891 1321 966 1364 esse
992 1299 1147 1364 arbitror.
1201 1297 1276 1383 Qui

218 1399 373 1464 homines
398 1401 558 1484 primum,
577 1400 605 1465 si
627 1413 715 1465 stare
737 1422 805 1465 non
823 1412 977 1486 possunt,
996 1410 1183 1476 conruant3
1213 1401 1275 1464 sed

217 1499 275 1573 ita,
295 1512 330 1564 ut
352 1522 419 1565 non
438 1501 539 1566 modo
556 1501 688 1575 civitaS,
708 1501 768 1565 sed
786 1521 829 1564 ne
845 1499 949 1564 vicini
966 1498 1105 1586 quidem
1123 1499 1274 1584 proximi

217 1599 377 1664 sentiant.
425 1600 518 1666 Nam
542 1601 626 1665 illud
647 1622 717 1665 non
741 1601 917 1688 intellego,
935 1621 1039 1686 quam
1062 1600 1107 1664 ob
1131 1621 1221 1673 rem,
1244 1601 1275 1664 si

218 1699 332 1764 vivere
350 1701 490 1766 honeste
507 1723 576 1766 non
594 1714 747 1786 possunt,
767 1701 878 1786 perire
898 1701 1039 1786 turpiter
1057 1700 1183 1774 velint;
1214 1713 1275 1765 aut

170 1820 278 1874 15cur
307 1801 437 1866 minore
464 1802 581 1866 dolore
606 1801 773 1886 perituros
797 1823 834 1866 se
858 1822 937 1866 cum
962 1801 1090 1878 multis,
1111 1823 1216 1888 quam
1242 1802 1274 1868 si

219 1900 280 1964 soli
305 1913 458 1985 pereant,
481 1901 696 1966 arbitrentur.
723 1884 762 1971 ,s

262 2018 310 2064 22.
335 2001 502 2085 Quintum
535 2023 646 2088 genus
678 2012 728 2065 est
759 2001 1020 2085 parricidarum,
1051 2000 1271 2078 sicariorum,

218 2104 365 2189 denique
383 2101 535 2166 omnium
552 2101 843 2166 facinorosorum:
873 2123 958 2188 quos
982 2123 1049 2190 ego
1073 2123 1093 2166 a
1117 2101 1273 2168 Catilina

219 2225 287 2268 non
304 2223 448 2275 revoc0;
474 2222 554 2265 nam
571 2223 682 2288 neque
700 2203 743 2266 ab
760 2224 800 2266 eo
817 2202 933 2267 divelli
951 2213 1104 2288 possunt,
1122 2215 1156 2269 et
1172 2224 1275 2288 pere-

168 2322 200 2358 20
219 2315 276 2366 ant
295 2323 378 2366 sane
398 2302 433 2366 in
455 2301 647 2376 latrocinio,
672 2302 834 2388 quoniam
858 2315 937 2369 sunt
959 2303 1006 2368 ita
1030 2303 1126 2368 multi
1150 2315 1187 2368 ut
1211 2325 1274 2369 eos

219 2425 335 2466 carcer
359 2423 483 2486 capere
508 2423 576 2467 non
600 2401 718 2486 possit.
768 2400 983 2467 Postremum
1008 2415 1122 2468 autem
1157 2423 1276 2490 genus
1329 2425 1330 2508 p

217 2517 352 2569 estnon
370 2503 481 2566 solum
498 2523 654 2576 numero,
672 2523 791 2566 verum
809 2501 911 2567 etiam
929 2524 1057 2590 genere
1073 2504 1149 2588 ipso
1166 2514 1275 2590 atque
1329 2509 1330 2596 l

217 2605 299 2675 vita,
326 2604 418 2689 quod
450 2601 624 2686 proprium
656 2600 826 2666 Catilinae
859 2605 1036 2678 est,—de
1068 2604 1141 2692 ejus
1165 2603 1277 2669 dilec·
1329 2605 1330 2674 l

218 2716 266 2777 tu,
285 2704 390 2767 immo
406 2725 487 2767 vero
509 2703 552 2766 de
577 2702 759 2786 complexu
784 2703 858 2790 ejus
883 2725 924 2768 ac
946 2703 1043 2777 sinu;
1071 2725 1157 2790 quos
1180 2726 1278 2788 pexo

169 2825 199 2875 25
218 2804 356 2889 capillo,
376 2803 511 2876 nitidos,
522 2815 588 2866 aut
604 2802 766 2868 imberbis
783 2817 840 2868 aut
856 2805 944 2868 bene
960 2805 1119 2869 barbatos
1132 2804 1275 2880 videtis,

211 2903 398 2968 ,manicatis
422 2914 455 2968 et
474 2903 637 2967 talaribus
657 2903 793 2978 tunicis,
812 2903 897 2968 velis
918 2903 1059 2969 amictos
1080 2925 1148 2969 non
1165 2906 1276 2992 togis,

218 3025 362 3089 quorum
379 3002 490 3068 omnis
507 3003 672 3068 industria
686 3003 775 3067 vitae
789 3015 822 3067 et
834 3004 1000 3090 vigilandi
1018 3004 1115 3069 labor
1127 3003 1163 3068 in
1176 3017 1278 3069 ante·

219 3104 351 3169 lucanis
368 3103 462 3168 cenis
479 3104 702 3188 expromitur.
750 3119 798 3167 aa.
821 3103 861 3168 In
884 3103 937 3168 his
961 3103 1126 3191 gregibus
1150 3125 1277 3171 omnes
1329 3161 1330 3168 ,

219 3206 399 3279 aleatores,
420 3224 540 3268 omnes
565 3202 723 3279 adulteri,
743 3225 864 3270 omnes
888 3202 1013 3289 impuri
1038 3203 1276 3291 impudicique
1329 3239 1330 3282 ;

170 3324 200 3376 30
218 3316 409 3371 versantur.
460 3303 506 3366 Hi
531 3302 628 3389 pueri
652 3314 720 3367 tam
739 3303 843 3389 lepidi
860 3325 902 3368 ac
918 3304 1055 3368 delicati
1073 3325 1141 3368 non
1158 3305 1276 3369 solum
1329 3296 1330 3388 l

219 3427 340 3469 amare.
359 3416 391 3468 et
416 3403 536 3478 amari,
564 3424 674 3489 neque
698 3404 823 3468 saltare
847 3414 881 3468 et
904 3416 1056 3480 cantare,
1081 3405 1142 3469 sed
1167 3404 1275 3470 etiam
1329 3465 1330 3468 ,

219 3506 307 3570 sicas
331 3505 465 3569 vibrare
490 3515 523 3568 et
544 3524 708 3590 spargere
728 3524 861 3568 venena
881 3504 1093 3578 didicerunt3
1126 3502 1184 3589 qui
1206 3506 1273 3570 nisi
1329 3511 1330 3572 3

219 3617 357 3678 exeunt,
377 3605 441 3668 nisi
460 3613 614 3686 pereunt,
634 3604 736 3666 etiam
753 3604 780 3668 si
806 3602 956 3668 Catilina
982 3603 1130 3688 perierit,
1151 3604 1273 3669 scitote

219 3706 285 3768 hoc
312 3705 347 3768 in
376 3726 412 3767 re
443 3702 579 3786 publica
607 3702 828 3766 seminarium
853 3702 1080 3768 Catilinarum
1104 3704 1270 3768 futurum.

172 3822 201 3874 35
218 3803 348 3867 Verum
365 3814 480 3865 tamen
498 3799 578 3885 quid
596 3800 659 3864 sibi
675 3800 728 3864 isti
746 3801 860 3865 miseri
884 3802 1022 3867 volunt?
1068 3801 1164 3867 Num
1189 3825 1273 3869 suas

219 3922 336 3966 secum
362 3899 581 3964 mulierculas
604 3909 683 3962 sunt
704 3899 740 3962 in
761 3909 872 3965 'castra
889 3900 1044 3966 ducturi?
1091 3899 1209 3986 Qem
1228 3904 1273 3969 ad
1329 3915 1330 3920 ’
