2668 4262
196 203 239 270 9²
477 187 692 274 Conspr‘racy
716 190 762 272 os
783 188 945 254 Catilina.
1089 186 1238 256 [Curru]

197 409 251 453 me
268 399 371 453 totam
389 410 465 453 esse
482 389 516 452 in
534 401 625 453 metu
651 400 787 474 propter
810 413 917 454 unum
941 404 987 466 te,
1012 389 1176 478 quicquid
1203 389 1250 452 in·

105 495 136 537 f'
154 479 366 574 {ccrepuent
393 488 579 553 Catilinam
608 491 731 564 timeri,
757 491 888 554 nullum
918 493 1025 557 videri
1052 506 1172 556 contra
1199 512 1249 554 me

197 590 375 653 consilium
394 589 468 652 iniri
487 611 586 674 posse
603 591 695 676 quod
712 612 731 654 a
748 603 806 655 tuo
823 593 952 656 scelere
970 593 1165 664 abhorreat,
1182 610 1249 656 non

196 701 246 754 est
259 690 449 753 serendum.
493 687 609 774 Quam
623 692 666 754 ob
684 713 755 754 rem
773 692 923 765 discede,
939 705 1039 778 atque
1058 693 1150 755 hunc
1168 691 1249 754 mihi

166 791 350 885 3timorem
369 790 484 874 eripe:
513 791 540 854 si
557 803 608 854 est
624 813 737 865 verus,
756 813 799 856 ne
823 793 1017 876 opprinrar3
1051 791 1104 856 sin
1128 792 1248 866 salsus,

196 901 231 953 ut
250 891 389 954 tandem
410 891 595 976 aliquando
613 890 733 955 timere
756 883 1057 966 desinam'lvrrr.
1083 907 1125 954 lo.
1153 891 1249 955 Haec

196 989 224 1055 si
255 1002 381 1065 tecum,
408 1001 444 1054 ut
475 991 559 1065 dixi,
589 991 698 1075 patria
731 992 900 1078 loquatur,
925 1013 1038 1058 nonne
1067 994 1249 1077 impetrare

195 1090 331 1164 debeat,
361 1089 461 1155 etiam
495 1091 521 1154 si
554 1091 623 1155 vim
659 1091 824 1156 adhibere
859 1114 926 1158 non
962 1091 1090 1178 possit?
1138 1091 1248 1177 Qrid,

195 1192 286 1278 quod
309 1205 343 1254 tu
366 1203 398 1255 te
422 1191 496 1276 ipse
521 1191 555 1255 in
584 1191 773 1256 custodiam
799 1192 942 1256 dedisti?
974 1194 1064 1279 quod
1089 1193 1247 1258 vitandae

151 1331 179 1367 10
196 1293 391 1376 suspitionis
419 1313 538 1366 causa,
564 1293 608 1356 ad
637 1291 697 1355 Μ’.
725 1292 896 1377 Lepidum
926 1305 957 1358 te
983 1294 1136 1358 habitare
1161 1295 1249 1358 velle

195 1392 332 1457 dixisti?
364 1415 468 1480 aquo
485 1415 553 1458 non
571 1405 727 1478 receptus
745 1394 847 1457 etiam
866 1394 908 1458 ad
927 1415 981 1458 me
1003 1394 1118 1458 venire
1144 1415 1246 1458 ausus

195 1515 245 1568 ee,
265 1506 365 1580 atque
383 1506 418 1557 ut
434 1495 526 1558 domi
546 1515 642 1558 meae
664 1505 697 1558 te
721 1495 939 1558 adservarem
966 1494 1106 1580 rogasti.
1158 1493 1247 1558 Cum

196 1615 216 1659 a
244 1617 299 1658 me
327 1616 461 1680 quoque
490 1595 523 1658 id
549 1615 751 1678 responsum
776 1595 923 1667 tulisseS,
950 1616 1003 1658 me
1027 1595 1121 1658 nullo
1148 1595 1249 1659 modo

195 1716 296 1781 posse
320 1694 427 1760 isdem
454 1695 638 1779 parietibus
662 1706 732 1759 tuto
755 1706 972 1767 essetecum,
991 1694 1049 1779 qui
1068 1695 1249 1781 magnoin

150 1831 179 1880 ις
196 1796 347 1881 periculo
372 1817 481 1860 essem
507 1795 598 1881 quod
630 1795 738 1860 isdem
773 1793 950 1858 moenibus
982 1795 1248 1868 contineremur,

195 1897 239 1961 ad
265 1895 318 1980 Q.
336 1896 514 1960 Metellum
539 1908 730 1981 praetorem
756 1895 899 1959 venisti:
929 1914 1033 1979 aquo
1050 1894 1250 1978 repudiatus
1322 1967 1323 1970 Ἴ

195 1997 238 2061 ad
256 1999 407 2061 sodalem
426 2010 533 2069 tuum,
552 1996 663 2059 virum
688 1996 866 2080 optimum,
887 1993 938 2058 Μ.
958 1994 1164 2059 Marcellum
1191 1995 1250 2060 de·
1322 2019 1323 2086 ᾗ

195 2097 369 2184 migrasti3
404 2120 506 2183 quem
530 2109 565 2160 tu
587 2097 746 2162 videlieet
770 2109 802 2160 et
826 2097 869 2159 ad
895 2095 1154 2160 custodiendum
1176 2093 1245 2184 [te]
1322 2097 1323 2105 ’

194 2198 491 2285 diligentissimum
518 2210 550 2262 et
574 2200 618 2262 ad
644 2198 888 2283 suspicandum
919 2197 1184 2282 sagacissimum
1216 2209 1251 2261 et

148 2329 179 2362 ιο
194 2301 237 2363 ad
255 2299 499 2363 vindicandum
521 2299 739 2362 fortissimum
764 2298 835 2362 sore
861 2297 996 2382 putasti.
1047 2294 1119 2360 Sed
1142 2317 1249 2383 quam

194 2400 296 2486 longe
311 2399 442 2463 videtur
460 2419 479 2462 a
497 2419 633 2462 carcere
652 2412 752 2484 atque
770 2419 788 2460 a
808 2398 952 2462 vinculis
969 2398 1090 2462 abesse
1108 2397 1249 2472 debere,

196 2500 253 2586 qui
271 2521 307 2564 se
325 2499 397 2584 ipse
418 2497 489 2585 jam
506 2497 650 2584 dignum
669 2495 821 2561 custodia
841 2495 1024 2585 judicarit?
1069 2513 1119 2560 ao.
1181 2517 1248 2560 uae

197 2621 274 2665 cum
299 2601 346 2664 ita
369 2600 447 2674 sint,
466 2598 629 2670 Catilina,
648 2597 794 2671 dubitas,
814 2598 841 2661 si
866 2598 972 2662 emori
997 2618 1107 2683 aequo
1132 2599 1248 2662 animo

197 2721 264 2764 non
295 2713 402 2785 potes,
431 2699 525 2762 abire
557 2699 591 2761 in
621 2697 752 2782 aliquas
783 2709 904 2770 terras,
931 2709 964 2761 et
995 2698 1099 2760 vitam
1132 2698 1245 2769 istam,

148 2831 177 2878 ες
198 2801 311 2864 multis
336 2799 511 2884 suppliciis
532 2798 631 2885 justis
648 2797 837 2883 debitisque
854 2807 1020 2882 ereptam,
1039 2796 1144 2884 fugae
1168 2797 1249 2862 soli·
1320 2815 1321 2836 ¹

196 2900 372 2985 tudinique
392 2897 578 2962 mandare?

240 2995 390 3062 ‘Refer’
403 2998 515 3084 inquis
531 3011 539 3038 ⁶
553 2997 597 3062 ad
610 3008 765 3062 senatum
780 2997 808 3058 ε’
827 2996 862 3062 id
875 2998 965 3061 enirn
981 2998 1144 3082 postulas,
1159 3008 1204 3070 et,
1219 2997 1250 3062 si

195 3096 251 3160 hic
267 3098 350 3161 ordo
367 3098 503 3182 placere
520 3098 710 3161 decreverit
724 3110 756 3160 te
774 3097 822 3160 ire
838 3098 872 3160 in
886 3099 1058 3172 exsilium,
1074 3098 1248 3182 obtempe-
1319 3141 1320 3188 3

194 3212 345 3260 raturum
361 3210 393 3261 te
410 3220 485 3262 esse
502 3198 599 3261 dicis.
650 3195 731 3260 Non
748 3197 906 3270 reseram,
927 3197 959 3261 id
977 3198 1068 3283 quod
1090 3199 1248 3262 abhorret
1319 3191 1320 3205 ,

143 3329 175 3377 30
194 3318 214 3360 a
238 3297 324 3361 meis
344 3297 515 3370 moribus3
541 3310 573 3361 et
589 3309 704 3361 tamen
722 3296 845 3360 faciam
864 3308 900 3360 ut
916 3296 1096 3382 intellegas
1113 3298 1194 3383 quid
1212 3297 1247 3360 hi

194 3398 236 3462 de
252 3411 285 3462 te
302 3398 458 3462 sentiant.
501 3397 679 3484 Egredere
692 3418 736 3462 ex
749 3397 845 3470 urbe,
861 3395 1032 3469 Catilina;
1051 3399 1156 3461 libera
1173 3419 1246 3462 rem

194 3498 366 3582 publicam
383 3510 495 3572 metu3
521 3499 555 3562 in
573 3497 745 3571 exsilium,
764 3498 792 3561 si
810 3498 900 3561 hanc
913 3518 1032 3562 vocem
1050 3509 1243 3583 exspectaS,
1315 3517 1319 3568 l

193 3599 419 3683 proficiscere.
486 3597 581 3680 Quid
613 3609 675 3672 est,
706 3595 879 3662 Catilina?
922 3597 1046 3683 ecquid
1078 3594 1244 3662 attendis?

193 3698 316 3783 ecquid
355 3697 597 3761 animadvertis
637 3698 757 3760 horum
796 3695 990 3760 silentium?
1052 3695 1242 3771 Patiuntur,

145 3825 176 3876 35
194 3809 318 3862 tacent.
361 3794 455 3880 Quid
472 3806 651 3879 exspectas
669 3795 901 3859 auctoritatem
919 3796 1142 3880 loquentium,
1161 3817 1243 3882 quo·
1317 3863 1318 3886 χ

194 3917 268 3960 rum
300 3896 508 3960 voluntatem
538 3895 716 3959 tacitorum
748 3894 937 3979 perspicis?
981 3911 1023 3958 21.
1046 3893 1094 3960 At
1121 3896 1149 3963 si
1178 3897 1242 3962 hoc
1317 3889 1318 3937 l
