2716 4266
95 199 137 240 1v.
159 185 213 256 ro]
324 185 491 273 Antony’s
520 183 690 256 Cruelties
713 194 751 252 at
773 166 921 252 Parma.
1074 204 1149 275 239

91 387 240 464 vicinos,
259 397 318 454 aut
338 387 613 454 adulescentulos
629 386 932 454 circumscribunt:
961 385 1033 475 [his
1056 387 1149 454 enim

92 489 186 554 vitiis
210 487 362 552 adfectos
385 499 419 552 et
442 488 567 552 talibus
592 487 701 552 malos
725 500 784 552 aut
807 488 948 553 audacis
973 489 1149 572 appellare

93 589 308 653 consuetudo
332 587 450 675 solet]
500 606 527 651 s.
550 587 686 652 Bellum
710 588 920 673 inexpiabile
938 587 1037 652 insert
1053 601 1147 674 quat·

92 701 172 752 tuor
200 687 396 753 consulibus
424 710 514 754 unus
542 687 694 753 omnium
721 688 892 752 latronum
919 688 1145 754 taeterrimus.

94 787 195 852 Gerit
223 787 312 851 idem
340 788 468 852 bellurn
497 810 575 854 curn
605 798 724 852 senatu
750 789 946 874 populoque
972 787 1179 876 Romano-5

94 886 542 973 Omnibus-quamquam
569 888 635 953 ruit
658 886 731 972 ipse
755 888 826 952 suis
852 887 1149 973 cladibus-pes-

92 998 179 1060 tem,
196 986 401 1062 vastitatem,
429 988 630 1063 cruciatum,
649 1000 816 1052 tormenta
839 988 1028 1054 denuntiat.
1078 987 1148 1054 Do·

90 1088 244 1152 labellae
261 1086 370 1152 ferum
388 1099 420 1152 et
435 1086 587 1152 immane
604 1087 751 1162 facinus,
768 1089 860 1174 quod
877 1089 971 1154 nulla
988 1089 1148 1154 barbaria

91 1199 212 1274 posset
228 1207 430 1274 agnoscere,
448 1187 482 1252 id
499 1209 561 1254 suo
578 1187 720 1254 consilio
737 1187 866 1252 factum
885 1208 960 1254 esse
984 1200 1147 1254 testatur:

91 1309 254 1375 quaeque
278 1298 368 1352 esset
390 1285 541 1353 facturus
565 1287 600 1352 in
623 1288 690 1352 hac
713 1287 810 1363 urbe,
825 1287 889 1352 nisi
907 1309 985 1352 eum
1003 1289 1059 1353 hic
1075 1288 1147 1375 ipse
1168 1331 1198 1370 ,ο

85 1389 251 1476 Juppiter
276 1389 320 1451 ab
347 1388 413 1454 hoc
440 1389 568 1474 templo
596 1401 697 1474 atque
726 1388 904 1452 moenibus
930 1389 1146 1474 reppulisset,

92 1487 285 1555 declaravit
308 1486 342 1551 in
374 1487 612 1554 Parmensium
645 1486 854 1561 calamitate,
884 1510 970 1573 quos
1002 1489 1148 1573 optimos

92 1591 188 1656 viros
213 1588 539 1676 honestissimosque
564 1587 733 1663 homines,
755 1587 905 1652 maxime
930 1609 1008 1652 cum
1033 1601 1148 1654 aucto-

93 1691 194 1755 ritate
220 1688 321 1776 hujus
337 1689 466 1754 ordinis
490 1688 676 1776 populique
702 1687 852 1752 Romani
877 1688 1043 1775 dignitate
1068 1710 1149 1754 con·

101 1791 253 1879 junctos,
281 1790 525 1856 crudelissimis
551 1788 719 1873 exemplis
747 1787 915 1852 interemit
943 1790 1146 1874 propudium
1169 1823 1197 1877 ¹5

94 1891 183 1955 illud
210 1900 244 1954 et
270 1901 475 1974 portentum,
495 1889 536 1955 L.
562 1887 747 1963 Antonius,
774 1888 909 1974 insigne
934 1889 1050 1954 odium
1076 1911 1149 1954 om-

95 1992 193 2056 niurn
211 1989 388 2056 hominurn
405 1992 460 2055 vel
481 1991 526 2078 (si
545 1991 648 2055 etiam
672 1990 706 2054 di
731 1989 875 2056 oderunt
892 2010 977 2074 quos
997 1991 1145 2076 oportet)

95 2093 253 2158 deorum.
301 2108 329 2154 a.
353 2091 498 2179 Refugit
519 2090 667 2164 animus,
686 2101 800 2175 patres
825 2090 1022 2175 conscripti,
1040 2112 1148 2178 eaque

95 2191 213 2257 dicere
238 2190 435 2258 reformidat
460 2213 550 2279 quae
578 2191 622 2256 L.
651 2189 822 2256 Antonius
848 2191 881 2254 in
909 2190 1147 2258 Parmensium

95 2290 214 2356 liberis
230 2303 263 2356 et
279 2291 484 2380 conjugibus
501 2291 664 2356 effecerit.
698 2289 799 2377 Qras
815 2291 906 2357 enirn
923 2293 1148 2378 turpitudines
1165 2315 1197 2354 zo

94 2391 228 2456 Antoni
245 2392 389 2457 libenter
409 2391 505 2479 [cum
522 2392 709 2480 dedecore]
728 2393 915 2470 subierunt,
930 2396 1070 2462 easdem
1088 2415 1149 2480 per

95 2491 167 2557 vim
185 2491 353 2556 laetantur
370 2493 446 2558 aliis
462 2514 499 2557 se
515 2493 680 2558 intulisse.
713 2492 782 2559 Sed
802 2494 851 2560 vis
868 2495 1066 2560 calamitosa
1083 2507 1145 2570 est,

95 2613 203 2677 quarn
226 2590 293 2656 illis
317 2592 523 2658 intulerunt:
558 2594 663 2660 libido
688 2594 872 2683 flagitiosa,
890 2617 958 2682 qua
982 2595 1149 2660 Antonio·

95 2713 175 2756 rum
198 2691 303 2756 oblita
327 2704 378 2759 est
401 2694 481 2758 vita.
531 2693 593 2760 Est
616 2695 720 2782 igitur
744 2697 940 2784 quisquam,
958 2698 1016 2784 qui
1044 2697 1149 2761 hostis

96 2791 275 2875 appellare
287 2814 355 2858 non
367 2794 504 2870 audeat,
517 2817 660 2882 quorum
673 2798 802 2862 scelere
814 2798 1046 2864 crudelitatem
1059 2796 1148 2860 Kar·
1166 2811 1198 2864 25

96 2891 366 2977 thaginiensium
384 2895 508 2960 victam
527 2918 602 2961 esse
619 2897 785 2964 fateatur?
831 2919 879 2963 1v.
907 2898 989 2985 Qa
1005 2897 1095 2962 enim
1114 2896 1148 2960 in

96 2993 183 3056 urbe
210 3003 280 3056 tam
308 2993 468 3060 immanis
498 2996 674 3063 Hannibal
702 3009 801 3083 capta
829 3021 932 3086 quam
959 2999 992 3063 in
1022 2997 1149 3062 Parma

97 3103 254 3176 surrepta
271 3090 464 3160 Antonius?
511 3097 588 3162 Nisi
606 3099 690 3164 forte
708 3100 809 3186 hujus
827 3099 980 3164 coloniae
1004 3110 1037 3163 et
1060 3111 1150 3164 cete-

97 3213 227 3264 rarum,
246 3191 280 3257 in
298 3216 383 3280 quas
401 3199 521 3262 eodem
540 3210 590 3262 est
607 3199 734 3272 animo,
753 3221 820 3264 non
838 3211 889 3264 est
906 3200 1010 3264 hostis
1028 3210 1149 3282 putan-

98 3293 178 3358 dus.
209 3309 254 3358 ιο.
277 3293 316 3360 Si
334 3317 415 3360 vero
431 3297 642 3362 coloniarum
659 3310 692 3362 et
710 3299 969 3383 municipiorum
988 3299 1061 3363 sine
1079 3299 1148 3363 ulla
1166 3311 1200 3364 3Ο

98 3393 309 3461 dubitatione
334 3397 439 3462 hostis
464 3412 525 3471 est,
544 3398 626 3485 quid
643 3400 781 3463 tandem
800 3400 900 3486 hujus
925 3399 1069 3462 censetis
1093 3419 1150 3462 ur·

98 3492 164 3568 bis,
192 3516 294 3580 quam
328 3496 385 3560 ille
418 3497 461 3562 ad
493 3500 683 3582 explendas
712 3510 882 3585 egestates
915 3498 1070 3562 latrocini
1096 3495 1148 3561 sui

99 3594 316 3680 concupivit?
355 3617 457 3681 quam
494 3597 566 3685 jam
607 3598 733 3683 peritus
766 3610 908 3663 metator
940 3609 973 3662 et
1004 3597 1149 3662 callidus

99 3695 311 3780 decempeda
336 3717 405 3778 sua
437 3695 533 3762 Saxa
565 3697 747 3762 diviserat?
794 3697 1055 3771 Recordamini,
1088 3718 1150 3781 per

99 3795 183 3860 deos
213 3795 435 3861 immortalis!
469 3809 581 3881 patres
613 3798 808 3883 conscripti,
835 3798 916 3884 quid
949 3798 1014 3863 hoc
1045 3797 1149 3862 biduo
1165 3810 1199 3867 35

100 3894 312 3960 timuerimus
338 3916 358 3960 a
386 3896 581 3962 domesticis
610 3896 777 3973 hostibus,
803 3898 996 3962 rumoribus
1023 3897 1148 3990 impro-
