2716 4266
103 225 203 296 ru.7.]
385 228 457 295 The
486 229 664 316 Clemency
689 230 737 316 ‘ff
756 228 882 295 Coesar.
1095 242 1157 307 223

103 442 253 494 nestam.
314 429 410 516 Ergo
442 431 530 495 haec
561 431 629 495 duo
662 441 816 516 tempora
848 439 964 494 carent
994 425 1158 493 crimine:
1225 501 1228 506 ¹

103 553 211 594 unum
230 551 309 595 cum
326 543 377 594 est
394 531 529 617 legatus
546 530 732 615 profectus,
751 531 908 604 alterum,
924 549 1002 592 cum
1020 526 1159 612 ecflagi-

103 642 193 695 tatus
211 651 230 694 a
249 630 423 716 provincia
449 631 662 714 praepositus
680 628 820 694 Africae
845 641 906 693 est.
955 646 981 692 5.
1003 627 1158 690 Tertium

102 743 239 815 tempus
257 731 415 817 estquod
433 740 509 813 post
526 730 710 794 adventum
727 729 811 792 Vari
829 730 862 792 in
883 728 1003 793 Asrica
1027 727 1157 801 restitit,

101 831 197 916 quod
224 830 252 894 si
281 845 332 896 est
359 829 595 902 criminosum,
614 829 826 894 necessitatis
853 829 982 892 crimen
1009 839 1071 901 est,
1090 847 1190 904 nons

101 932 301 996 voluntatis.
349 931 407 995 An
435 931 505 1004 ille,
534 929 562 995 si
591 929 754 1016 potuisset
777 930 848 993 ullo
872 929 973 994 modo
998 929 1158 1003 evadere,

102 1030 229 1096 Uticae
256 1052 359 1117 quam
387 1031 536 1105 Romae,
556 1049 632 1094 cum
662 1028 702 1094 P.
728 1028 821 1093 Attio
846 1050 949 1115 quam
976 1049 1054 1094 cum
1079 1049 1161 1092 con-

102 1129 314 1195 cordissimis
331 1131 503 1204 fratribus,
523 1151 601 1194 curn
620 1128 740 1193 alienis
763 1150 838 1193 esse
861 1149 964 1215 quam
988 1149 1066 1193 cum
1090 1127 1160 1192 suis
1194 1201 1199 1210 ,

103 1229 303 1295 maluisset?
349 1231 438 1297 Cum
466 1231 541 1316 ipsa
570 1229 698 1317 legatio
727 1229 829 1314 plena
858 1229 1004 1294 desideri
1031 1250 1072 1293 ac
1094 1229 1160 1293 sol-

101 1330 290 1396 licitudinis
322 1331 439 1396 fuisset
471 1345 609 1416 propter
633 1330 868 1395 incredibilem
893 1330 1065 1417 quendam
1093 1329 1161 1392 fra·
1179 1340 1211 1398 io

101 1445 195 1494 trum
235 1451 399 1504 amorem,
434 1432 490 1496 hic
527 1453 639 1518 aequo
675 1431 790 1496 animo
822 1452 898 1496 esse
929 1431 1049 1517 potuit,
1077 1429 1160 1495 belli

102 1529 250 1594 discidio
282 1532 461 1596 distractus
486 1553 506 1595 a
531 1530 714 1596 iratribus?

150 1649 179 1695 o.
202 1629 346 1694 Nullum
372 1630 476 1718 igitur
493 1632 622 1707 habes,
632 1631 777 1707 Caesar,
797 1633 910 1698 adhuc
926 1631 960 1697 in
986 1630 1161 1720 QLiga-

102 1733 157 1797 rio
173 1733 309 1819 signum
329 1731 461 1796 alienae
480 1751 499 1795 a
516 1743 548 1796 te
566 1732 762 1797 voluntatis.
812 1732 921 1821 Cujus
938 1754 1005 1820 ego
1018 1753 1158 1796 causam

103 1833 353 1904 animadverte,
365 1852 506 1917 quaeso,
519 1853 587 1918 qua
601 1833 668 1896 fide
682 1833 865 1897 defendam
880 1855 888 1894 z
910 1835 1017 1918 prodo
1032 1853 1157 1896 meam.
1182 1849 1212 1906 ις

104 1933 139 1997 O
152 1931 368 1996 clementiam
387 1931 625 1996 admirabilem
644 1945 746 2018 atque
763 1932 916 1998 omnium
932 1933 1047 2006 laude,
1062 1953 1160 2017 prae-

103 2033 288 2105 dicatione,
315 2030 446 2105 litteris,
472 2033 771 2118 monumentisque
795 2031 1047 2098 decorandam!
1081 2052 1159 2096 curn

104 2132 158 2196 Μ.
193 2131 316 2198 Cicero
349 2131 441 2215 apud
469 2141 502 2194 te
530 2132 682 2201 defendit
714 2133 818 2196 alium
847 2133 882 2196 in
915 2154 956 2196 ea
987 2133 1160 2196 voluntate

104 2255 174 2297 non
192 2233 309 2306 fuisse,
328 2231 363 2295 in
381 2251 449 2315 qua
467 2253 504 2295 se
521 2232 634 2316 ipsum
651 2235 830 2297 confitetur
845 2233 971 2305 fuisse;
996 2252 1060 2297 nec
1084 2243 1160 2296 tuas

96 2325 225 2397 'tacitas
253 2331 477 2418 cogitationes
503 2331 706 2406 extimescit,
731 2353 797 2396 nec
824 2332 906 2418 quid
932 2331 992 2396 tibi
1020 2332 1062 2397 de
1091 2332 1160 2396 alio
1180 2345 1215 2385 20

104 2430 256 2497 audienti
289 2431 332 2496 de
364 2452 401 2494 se
429 2430 504 2515 ipso
532 2443 689 2496 occurrat
721 2431 930 2497 reformidat.
980 2452 1032 2495 111.
1068 2430 1159 2496 Vide

103 2553 209 2619 quarn
227 2553 294 2596 non
312 2529 552 2594 reformidem:
581 2531 660 2596 vide
676 2543 804 2618 quanta
821 2533 881 2596 lux
901 2531 1110 2596 liberalitatis
1128 2540 1160 2595 et

104 2632 293 2718 sapientiae
309 2643 388 2695 tuae
407 2630 490 2694 milri
508 2632 600 2716 apud
616 2643 648 2696 te
666 2632 790 2698 dicenti
804 2632 988 2696 oboriatur.
1039 2627 1159 2714 Quan-

103 2745 177 2797 tum
201 2743 331 2817 potero,
350 2751 435 2795 voce
456 2732 662 2796 contendam
679 2743 715 2796 ut
735 2731 837 2820 [hoc]
857 2733 1004 2818 populus
1029 2731 1159 2796 Roma-

103 2855 170 2897 nus
190 2832 365 2896 exaudiat.
413 2849 441 2896 r.
465 2829 634 2916 Suscepto
657 2833 748 2897 bello
772 2831 915 2908 Caesar,
935 2843 1032 2920 gesto
1055 2831 1223 2897 etiam'25'

103 2955 150 2998 ex
167 2944 262 3018 parte
280 2952 420 3018 magna,
439 2932 534 2996 nulla
551 2932 584 2996 vi
601 2945 752 3008 coactus,
766 2932 897 3022 judicio
907 2953 955 2997 ac
970 2933 1157 3008 voluntate,

105 3035 151 3098 ad
167 3053 209 3098 ea
230 3053 326 3096 arma
351 3032 523 3117 profectus
548 3054 623 3097 surn
648 3053 737 3118 quae
762 3044 859 3097 erant
882 3044 1017 3118 sumpta
1041 3044 1159 3098 contra

104 3145 151 3198 te.
200 3132 305 3218 Apud
322 3153 425 3219 quem
443 3131 548 3220 igitur
565 3134 630 3197 hoc
646 3130 746 3198 dico?
791 3132 928 3218 Nempe
949 3133 1040 3218 apud
1064 3153 1157 3208 eum,

104 3234 178 3320 qui,
196 3254 274 3298 cum
303 3233 369 3297 hoc
394 3232 508 3307 sciret,
533 3244 648 3298 tamen
677 3255 745 3308 me,
767 3246 845 3298 ante
868 3254 971 3320 quam
997 3232 1091 3307 vidit,
1110 3232 1158 3298 rei

106 3332 265 3419 publicae
282 3332 449 3408 reddidit;
474 3333 533 3420 qui
551 3335 594 3398 ad
612 3355 666 3400 rne
680 3356 724 3399 ex
736 3334 899 3422 Aegypto
913 3334 1040 3398 litteras
1053 3333 1156 3410 misit,
1176 3347 1212 3403 30

105 3445 142 3497 ut
167 3453 278 3497 essem
304 3431 396 3497 idem
416 3433 474 3520 qui
501 3433 662 3510 fuissem;
687 3435 744 3522 qui
771 3457 849 3500 cum
875 3435 948 3520 ipse
974 3434 1159 3520 imperator

106 3533 140 3595 in
163 3542 232 3596 toto
259 3531 404 3618 imperio
432 3535 728 3619 populi'Romani
754 3557 842 3600 unus
874 3545 976 3610 esset,
1002 3555 1078 3600 esse
1104 3556 1158 3600 me

106 3633 249 3696 alterum
276 3654 398 3718 passus
423 3645 493 3709 est3
527 3655 547 3698 a
572 3657 652 3722 quo,
679 3637 745 3700 hoc
769 3635 843 3720 ipso
866 3635 908 3701 C.
931 3634 1045 3700 Pansa
1074 3636 1157 3700 mihi

106 3734 200 3798 hunc
230 3733 386 3798 nuntium
420 3735 624 3819 perferente,
652 3723 833 3801 concessos
861 3736 963 3801 fascis
987 3737 1158 3801 laureatos

107 3834 213 3908 tenui,
227 3834 341 3920 quoad
354 3835 519 3898 tenendos
536 3835 672 3920 putavi3
697 3837 754 3922 qui
773 3836 855 3900 mihi
872 3850 942 3901 tum
960 3836 1107 3922 denique
1120 3859 1157 3902 se
1177 3851 1210 3908 35

106 3933 252 4000 salutem
273 3933 403 4019 putavit
419 3933 577 4008 reddere,
595 3933 623 3998 si
641 3955 717 3998 eam
735 3936 837 4000 nullis
854 3935 1032 4021 spoliatam
1057 3956 1157 3999 orna-
