2668 4262
201 177 264 244 182
531 177 715 263 basanae
738 178 787 265 ff
805 177 909 244 Milo.
1142 175 1252 249 [an

198 377 358 444 utilitates
373 376 491 444 fuisse.
530 377 649 464 Itaque
665 377 751 444 illud
767 377 975 445 Cassianum
992 380 1052 444 cui
1063 379 1151 444 bono
1163 381 1253 464 sue-

198 480 248 544 rit
263 479 298 543 in
315 479 368 542 his
385 477 540 562 personis
556 480 689 550 valeat3
715 478 777 542 etsi
797 478 876 542 boni
902 480 995 543 nullo
1019 479 1254 544 emolumento

198 579 418 662 impelluntur
437 578 472 641 in
494 577 663 652 fraudem,
682 578 827 661 improbi
849 599 953 664 saepe
975 601 1094 664 parvo.
1145 577 1255 666 Atqui

199 678 329 743 Milone
342 678 518 741 interfecto
531 676 673 742 Clodius
687 678 773 742 haec
787 679 1049 765 adsequebatur,
1065 701 1135 744 non
1151 682 1256 745 modo

145 809 159 865 5
199 791 234 842 ut
251 789 384 862 praetor
406 791 495 842 esset
511 800 579 841 non
597 799 637 841 eo
650 779 791 842 consule
804 801 871 865 quo
885 781 1023 846 sceleris
1036 781 1122 845 nihil
1137 781 1256 846 facere
1325 769 1326 772 ¹

199 891 332 963 posset3
359 880 420 943 sed
444 879 545 942 etiam
568 889 605 943 ut
626 878 674 942 eis
691 881 889 946 consulibus
906 895 1039 968 praetor
1056 895 1160 958 esset,
1182 883 1257 970 qui-

197 978 305 1044 bussi
324 1000 391 1043 non
409 978 650 1066 adjuvantibus
666 992 701 1045 at
716 981 953 1048 coniventibus
974 998 1077 1058 certe,
1097 996 1258 1070 speraret

197 1100 298 1164 posse
323 1101 359 1144 se
382 1079 520 1145 eludere
540 1081 575 1144 in
592 1079 659 1146 illis
675 1081 746 1146 suis
763 1082 919 1170 cogitatis
936 1085 1126 1150 furoribus:
1155 1086 1258 1174 cujus

197 1179 246 1243 illi
271 1192 426 1255 conatus,
454 1191 490 1245 ut
513 1181 587 1266 ipse
611 1182 888 1260 ratiocinabatur,
915 1205 981 1250 nec
1006 1197 1176 1271 cuperent
1205 1208 1258 1250 re-

148 1319 181 1358 ,0
197 1280 344 1365 primere
358 1281 385 1346 si
399 1293 549 1367 possent,
563 1303 642 1347 cum
655 1294 785 1348 tanturn
801 1285 1006 1352 beneficium
1023 1286 1054 1352 ei
1071 1308 1107 1352 se
1124 1287 1258 1352 debere

199 1380 442 1447 arbitrarentur
453 1407 462 1458 ;
488 1394 533 1456 et,
552 1383 579 1447 si
605 1383 744 1458 vellent,
763 1384 905 1452 fortasse
929 1386 989 1450 vix
1004 1400 1144 1472 possent
1162 1388 1258 1452 sran-

198 1501 281 1567 gere
299 1482 446 1547 hominis
459 1482 712 1548 sceleratissimi
726 1486 984 1551 conroboratam
998 1487 1072 1576 jam
1084 1499 1258 1554 vetustate

199 1582 394 1646 audaciam.

243 1693 290 1746 aa.
313 1682 370 1747 An
387 1705 481 1759 vero,
492 1684 639 1771 judices,
653 1706 715 1750 vos
732 1685 793 1750 soli
811 1685 998 1774 ignoratis?
1020 1710 1082 1754 vos
1099 1689 1258 1774 hospites

150 1811 180 1864 ις
199 1784 235 1848 in
263 1785 329 1849 hac
350 1784 435 1848 urbe
459 1784 668 1850 versamini?
694 1798 827 1850 vestrae
849 1787 1112 1875 peregrinantur
1135 1811 1255 1863 aures,
1325 1789 1326 1838 Ψ

201 1897 311 1972 neque
340 1884 374 1948 in
403 1886 469 1950 hoc
496 1896 684 1972 pervagato
707 1884 851 1950 civitatis
875 1907 1032 1954 sermone
1055 1901 1255 1963 versantur,

199 2007 286 2071 quas
317 1985 374 2050 ille
406 1985 594 2072 leges-si
623 1986 720 2072 leges
747 1985 978 2062 nominandae
1006 1999 1084 2052 sunt
1112 2009 1155 2054 ac
1186 2001 1256 2054 non*

201 2085 294 2150 faces
326 2085 431 2160 urbis,
458 2097 570 2171 pestes
597 2085 646 2149 rei
676 2085 1001 2170 publicae—suerit
1031 2088 1257 2172 impositurus

200 2186 299 2251 nobis
311 2187 469 2258 omnibus
482 2197 583 2271 atque
599 2184 793 2250 inusturus?
824 2185 973 2263 Exhibe,
988 2207 1129 2274 quaes0,
1145 2188 1256 2254 Sexte

147 2286 316 2362 aanlodi,
338 2287 463 2352 exhibe
487 2285 662 2350 librarium
687 2285 772 2350 illud
796 2287 912 2374 legum
937 2301 1138 2363 vestrarum,
1161 2289 1256 2375 quod
1325 2327 1326 2364 r

201 2401 233 2453 te
258 2389 353 2452 aiunt
376 2386 541 2473 eripuisse
564 2406 582 2450 e
600 2386 700 2450 domo
717 2398 810 2450 etex
827 2387 948 2451 mediis
965 2388 1068 2452 annis
1084 2388 1255 2475 turbaque
1325 2385 1326 2458 i

202 2501 367 2553 nocturna
381 2499 555 2573 tamquam
568 2485 761 2551 Palladium
780 2487 968 2561 sustulisse,
984 2499 1019 2552 ut
1035 2489 1256 2573 praeclarum
1325 2471 1326 2542 i

201 2588 360 2654 videlicet
399 2610 522 2652 munus
558 2599 658 2672 atque
691 2586 951 2652 instrumentum
984 2588 1177 2654 tribunatus
1212 2591 1256 2654 ad

202 2691 364 2776 aliquem,
389 2689 416 2753 si
441 2700 561 2752 nactus
586 2708 693 2762 esseS,
718 2687 776 2773 qui
800 2699 857 2752 tuo
882 2688 1019 2753 arbitrio
1043 2689 1254 2755 tribunatum

148 2794 181 2852 25
202 2802 347 2876 gereret,
367 2789 499 2854 deserte
516 2809 646 2873 posses.
695 2785 810 2874 Atque
832 2809 949 2873 per..
972 2835 980 2851 .
1000 2810 1044 2855 an
1069 2791 1171 2880 hujus
1195 2792 1255 2855 ille
1325 2781 1326 2844 ἶ

202 2890 290 2977 legis
314 2912 417 2977 quam
442 2888 586 2955 Clodius
610 2909 629 2951 a
654 2909 691 2952 se
711 2887 889 2952 ‘inventam
913 2889 1090 2976 gloriatur,
1110 2893 1256 2957 mentio-

202 3011 280 3054 nem
294 2991 408 3056 sacere
422 3011 525 3054 ausus
538 3000 628 3054 esset
636 2989 714 3052 vivo
724 2987 869 3064 Milone,
883 3011 951 3055 non
965 2992 1077 3056 dicam
1089 2991 1256 3058 consule?

203 3089 257 3154 De
274 3104 425 3156 nostrum
442 3090 533 3156 enim
550 3089 838 3154 omnium-non
858 3091 969 3158 audeo
992 3103 1097 3158 totum
1121 3093 1251 3159 dicere.

202 3189 325 3256 Videte
342 3191 423 3277 quid
440 3213 481 3256 ea
497 3190 554 3254 viti
573 3191 629 3255 lex
646 3189 803 3254 habitura
819 3190 931 3266 fuerit,
947 3192 1043 3281 cujus
1060 3192 1254 3279 periculosa

148 3293 183 3348 30
204 3291 304 3354 etiam
333 3291 553 3375 reprehensio
577 3302 639 3355 est.
697 3289 741 3354 Et
768 3291 902 3376 aspexit
929 3315 984 3358 me
1015 3293 1081 3359 illis
1112 3295 1251 3382 quidem

203 3391 324 3464 oculis,
345 3392 467 3475 quibus
492 3402 562 3455 tum
588 3390 718 3455 solebat
742 3411 819 3454 cum
838 3388 1126 3459 omnibus'omnia
1144 3395 1252 3457 mina·

202 3489 311 3553 batur.
360 3489 478 3555 Movet
496 3512 548 3553 me
566 3491 692 3574 quippe
709 3490 824 3554 lumen
842 3491 978 3556 curiae!
1026 3512 1105 3558 xrn.
1135 3491 1251 3576 Quid?

204 3599 238 3653 tu
259 3610 313 3652 me
333 3590 391 3655 tibi
417 3590 552 3662 iratum,
577 3589 696 3663 Sexte,
722 3601 833 3673 putas,
858 3591 954 3677 cujus
979 3592 1248 3658 inimicissimum

205 3689 310 3752 multo
334 3689 506 3752 crudelius
527 3687 629 3750 etiam
651 3688 806 3770 poenitus
822 3709 872 3761 eS,
887 3711 989 3774 quam
1007 3702 1079 3756 erat
1096 3691 1248 3756 humani-

149 3788 183 3843 35
203 3787 280 3851 tatis
304 3807 401 3851 meae
419 3785 612 3869 postulare?
658 3786 714 3849 Tu
732 3785 771 3850 P.
791 3785 891 3850 Clodi
909 3802 1086 3854 cruentum
1104 3791 1249 3855 cadaver
1325 3815 1326 3820 ¹

204 3885 331 3972 ejecisti
355 3886 478 3958 domo;
503 3883 595 3948 tuin
619 3883 794 3967 publicum
820 3885 993 3973 abjecisti3
1018 3899 1053 3952 tu
1070 3889 1248 3974 spoliatum
