2668 4262
78 185 192 256 xxx1ll·
214 202 272 274 74]
383 202 484 268 Cotta
508 225 621 268 rnovcs
644 204 698 268 his
720 203 859 269 Recall.
1082 203 1144 270 161

77 405 141 491 qui
162 426 355 470 concursus
372 403 564 490 legatorum
582 425 627 468 ex
644 403 742 469 Italia
759 417 895 481 cuncta,
914 427 1004 492 quae
1025 405 1145 480 virtus,

78 506 368 592 actim-gravitas
393 503 432 567 P.
456 503 594 570 Lentuli
619 505 769 570 consulis
794 504 905 580 fuerit,
927 527 1016 591 quae
1044 507 1146 570 etiam

77 606 260 692 conlegae
285 605 359 692 ejus
385 605 571 668 moderatio
596 606 639 668 de
665 627 740 677 me3
769 605 826 690 qui
852 627 929 670 cum
953 607 1146 670 inimicitias

77 704 146 768 sibi
178 725 317 768 mecum
342 727 386 768 ex
406 705 453 766 rei
473 705 630 787 publicae
648 705 859 772 dissensione
877 719 1053 790 susceptas
1070 726 1146 770 esse

77 805 247 876 dixisset,
266 826 327 868 eas
343 827 380 868 se
398 805 550 887 patribus
567 804 768 888 conscriptis
784 805 871 868 dixit
886 817 920 868 et
937 805 1146 890 temporibus
1162 828 1178 886 ς

76 907 130 968 rei
152 905 317 990 publicae
335 904 581 988 permissurum
642 921 690 969 aa.
714 903 805 968 Tum
823 905 982 989 princeps
1007 917 1146 991 rogatus

76 1005 295 1069 sententiam
321 1002 365 1068 L.
390 1002 491 1068 Cotta
516 1003 700 1070 dixit—id
723 1004 815 1090 quod
840 1005 1080 1090 dignissimum
1109 1027 1145 1068 re

78 1107 229 1191 publica
252 1104 464 1170 fuit-nihil
485 1106 528 1169 de
550 1127 603 1170 me
621 1118 734 1170 actum
752 1126 827 1170 esse
840 1104 930 1191 jure,
950 1104 1034 1168 nibil
1053 1126 1147 1170 more

79 1207 275 1294 majorum,
294 1206 379 1270 nibil
395 1205 554 1293 legibus3
578 1227 647 1272 non
664 1227 764 1291 posse
781 1225 989 1290 quemquam
1005 1204 1048 1268 de
1065 1203 1147 1268 civi-

78 1319 153 1372 tate
182 1309 255 1372 tolli
280 1308 354 1372 siue
375 1301 525 1396 judicio}
558 1307 736 1392 decapite
761 1328 829 1371 non
855 1305 956 1371 modo
981 1304 1060 1369 ferri
1084 1305 1146 1370 sed
1165 1339 1198 1380 ιο

80 1431 127 1472 ne
145 1409 299 1497 judicari
319 1409 458 1494 quidem
480 1429 579 1493 posse
597 1408 661 1472 nisi
678 1407 822 1472 comitiis
840 1405 1055 1479 centuriatis3
1075 1405 1145 1470 vim

80 1509 196 1574 fuisse
221 1510 331 1582 illam,
354 1509 530 1574 flammam
553 1521 735 1594 quassatae
760 1508 808 1573 rei
833 1509 991 1594 publicae
1015 1519 1146 1592 pertur-

81 1611 318 1696 batorumque
331 1624 521 1694 temporum
531 1609 608 1696 jure
616 1609 823 1696 judiciisque
836 1609 978 1674 sublatis
990 1631 999 1681 ;
1016 1628 1146 1694 magna

82 1731 207 1774 rerum
232 1711 480 1796 permutatione
504 1710 736 1794 impendente,
761 1710 953 1776 declinasse
980 1730 1033 1774 me
1062 1729 1146 1794 pau-

84 1810 177 1884 lum,
205 1824 239 1874 et
266 1832 327 1895 spe
355 1811 506 1896 reliquae
535 1810 785 1896 tranquillitatis
811 1804 999 1895 praesentis
1023 1807 1145 1872 fluctus
1166 1832 1196 1890 15

84 1923 399 1996 tempestatemque
416 1910 567 1997 fugisse:
586 1931 655 1997 qua
673 1931 722 1981 re,
737 1931 815 1976 cum
833 1912 957 1976 absens
971 1931 1043 1974 rem
1061 1910 1146 1995 pub·

86 2011 197 2075 licam
216 2033 283 2076 non
300 2011 413 2074 minus
431 2010 566 2097 magnis
583 2010 744 2094 periculis
761 2033 863 2098 quam
886 2010 1037 2096 quodam
1062 2021 1146 2074 tem-

87 2132 176 2195 pore
202 2133 366 2196 praesens
391 2111 604 2176 liberassem.
623 2132 691 2174 non
715 2112 843 2175 restitui
866 2133 920 2174 me
942 2111 1066 2183 solum,
1085 2109 1146 2174 sed

87 2213 197 2276 etiam
214 2212 327 2276 ornari
346 2231 366 2273 a
382 2222 501 2274 senatu
519 2211 652 2274 decere.
702 2209 895 2294 Disputavit
911 2210 1014 2274 etiam
1041 2209 1145 2274 multa

89 2313 293 2394 prudenter,
311 2309 357 2374 ita
374 2311 417 2374 de
435 2331 488 2373 me
511 2309 607 2373 illum
633 2310 903 2374 amentissimum
928 2321 962 2373 et
985 2307 1147 2396 profliga·
1163 2327 1198 2370 20

89 2412 263 2476 tissimum
288 2412 420 2474 hostem
445 2410 584 2494 pudoris
605 2421 638 2472 et
657 2409 840 2494 pudicitiae
861 2409 1037 2494 scripsisse
1056 2431 1146 2495 quae

90 2511 299 2597 scripsisset,
326 2511 375 2575 eis
399 2511 524 2583 verbis,
550 2509 665 2584 rebuS,
693 2511 881 2585 sententiis,
908 2521 956 2584 ut,
983 2509 1086 2574 etiam
1117 2509 1146 2573 si

96 2610 177 2697 jure
206 2622 296 2676 esset
322 2622 493 2697 rogatum,
520 2621 636 2673 tamen
663 2609 732 2674 vim
761 2611 887 2676 habere
915 2631 983 2674 non
1011 2620 1144 2693 posset:

92 2733 161 2795 qua
188 2733 224 2775 re
250 2732 317 2784 me,
334 2711 392 2795 qui
417 2710 510 2774 nulla
535 2710 613 2796 lege
634 2710 802 2784 abessem,
822 2732 890 2776 non
906 2709 1035 2774 restitui
1053 2711 1143 2796 lege,

93 2813 156 2875 sed
185 2810 338 2874 revocari
365 2820 505 2873 senatus
533 2811 731 2874 auctoritate
754 2824 922 2894 oportere.
970 2826 1016 2874 ³7.
1043 2809 1145 2874 Hunc
1164 2820 1197 2875 25

94 2931 198 2975 nemo
226 2921 299 2974 erat
325 2909 407 2994 quin
436 2909 612 2972 verissime
636 2910 761 2974 sentire
786 2911 925 2976 diceret.
975 2910 1046 2976 Sed
1071 2921 1147 2995 post

94 3032 175 3074 eum
216 3023 356 3097 rogatus
388 3008 455 3073 Cn.
490 3008 686 3094 Pompeius,
721 3012 908 3095 approbata
940 3012 1145 3097 laudataque

95 3108 218 3174 Cottae
249 3109 428 3183 sententia,
454 3109 540 3172 dixit
571 3132 647 3174 sese
678 3110 723 3174 oti
752 3110 819 3174 mei
848 3132 965 3186 causa,
991 3124 1026 3176 ut
1052 3111 1146 3177 omni

97 3212 253 3296 populari
285 3208 511 3274 concitatione
543 3209 763 3296 defungerer,
790 3231 930 3276 censere
963 3223 998 3276 ut
1026 3213 1069 3276 ad
1094 3233 1146 3276 se·
1175 3225 1179 3232 '

98 3324 196 3375 natus
221 3309 451 3375 auctoritatem
474 3310 589 3394 populi
610 3332 745 3396 quoque
766 3309 915 3375 Romani
940 3312 1146 3378 beneficium
1164 3319 1199 3372 30

98 3433 181 3501 erga
200 3433 253 3475 me
270 3410 525 3497 adjungeretur.
570 3407 660 3474 Cum
673 3432 793 3474 omnes
810 3412 975 3488 certatim,
991 3413 1147 3500 aliusque

100 3515 165 3578 alio
196 3511 467 3600 graviusatque
499 3509 649 3574 ornatius
677 3510 720 3574 de
749 3532 826 3576 mea
854 3513 962 3577 salute
991 3513 1145 3588 dixisset,

99 3613 258 3698 fieretque
274 3609 349 3675 sine
366 3609 435 3672 ulla
452 3600 614 3674 varietate
634 3610 811 3687 discessio,
831 3613 977 3678 surrexit
1004 3626 1059 3700 (ut
1081 3613 1147 3678 sci·

99 3713 157 3797 tis)
186 3711 311 3775 Atilius
336 3709 393 3773 hic
420 3708 611 3785 Gavianus,
639 3731 703 3774 nec
731 3731 834 3776 ausus
863 3724 925 3787 est,
954 3735 1031 3778 cum
1058 3725 1147 3779 esset

101 3823 243 3897 emptus,
277 3809 509 3874 intercedere:
549 3821 682 3874 noctem
715 3810 779 3875 sibi
811 3813 855 3877 ad
887 3813 1145 3878 deliberandum
1166 3817 1198 3874 ³5

101 3911 292 3996 postulavit.
342 3909 483 3975 Clamor
502 3921 660 3974 senatus:
690 3911 875 3995 querellae,
898 3933 1030 3997 preces,
1049 3933 1147 3978 socer

608 4033 635 4069 11
