2668 4262
61 219 99 260 rx.
117 207 175 278 23·]
318 208 385 276 All
410 207 510 274 Good
531 207 615 273 Men
641 207 725 272 wr'sk
748 207 818 272 him
838 227 942 292 gone.
1074 223 1117 292 93

57 409 152 474 idem
183 411 265 477 huic
289 410 497 477 adulescenti
521 410 649 495 optimo
673 408 713 473 P.
737 407 861 480 Sestio,
884 406 911 472 si
935 405 1118 472 fortissimo

57 512 131 575 viro
149 511 206 574 M.
226 512 393 576 Marcello
410 512 588 584 dixissem,
603 511 675 597 jam
694 509 775 572 mihi
794 509 939 580 consuli,
959 510 1024 572 hoc
1044 509 1118 592 ipso

15 653 17 658 ·
56 612 92 675 in
110 614 255 698 templo,
271 627 409 676 senatus
422 613 499 698 jure
515 612 643 695 optimo
660 611 729 673 vim
747 623 779 672 et
797 630 919 671 manus
936 609 1115 674 intulisset.

58 711 113 776 De
134 725 168 776 te
193 724 320 785 autem,
342 711 504 786 Catilina,
527 731 604 774 cum
629 711 821 796 quiescunt,
845 710 1009 792 probant:
1039 701 1202 774 cumdii
1215 730 1324 768 mcv-12

58 813 249 897 patiuntur,
269 813 456 886 decernunt
468 827 480 873 ε’
502 831 579 876 cum
597 823 723 883 tacent,
743 811 904 874 clamant.
943 809 1065 896 Neque
1083 809 1117 873 hi
1151 843 1167 897 5

58 914 188 988 solum,
201 934 399 1000 -·quorum
421 912 480 976 tibi
498 910 681 976 auctoritas
698 923 748 975 est
763 911 923 975 videlicet
938 931 1031 985 cara,
1050 911 1119 974 vita

58 1012 243 1088 vilissima,
255 1049 299 1062 -
310 1014 370 1078 sed
384 1012 485 1076 etiam
503 1012 551 1075 illi
565 1011 695 1096 equites
709 1010 873 1085 Romani,
889 1011 1118 1076 honestissimi

58 1125 164 1200 atque
178 1113 295 1198 optimi
310 1112 385 1187 viri,
401 1113 571 1198 ceterique
589 1111 761 1176 fortissimi
779 1113 884 1186 cives,
899 1113 956 1197 qui
974 1112 1120 1176 circum·

59 1226 151 1278 stant
185 1226 356 1287 senatum,
383 1233 527 1298 quorum
560 1224 595 1275 tu
627 1223 660 1276 et
688 1211 914 1298 frequentiam
943 1212 1058 1276 videre
1087 1223 1120 1277 et

60 1315 176 1378 studia
202 1314 396 1399 perspicere
421 1325 454 1376 et
476 1333 579 1380 voces
605 1313 708 1397 paulo
732 1327 810 1376 ante
835 1312 998 1376 exaudire
1024 1325 1120 1397 potu·
1136 1343 1167 1378 ιο

58 1414 128 1478 isti.
182 1414 340 1499 Qorum
366 1434 432 1500 ego
455 1413 514 1476 vix
539 1413 600 1478 abs
623 1425 655 1477 te
676 1413 827 1501 jamdiu
849 1434 970 1477 manus
991 1433 1032 1477 ac
1051 1414 1119 1476 tela

60 1515 236 1588 contineo,
251 1514 390 1578 eosdem
408 1513 509 1577 facile
527 1514 710 1588 adducam,
726 1525 761 1577 ut
777 1525 809 1577 te
827 1515 924 1586 haec,
940 1534 1029 1599 quae
1043 1535 1121 1578 vas-

60 1626 134 1679 tare
148 1617 223 1703 jam
241 1615 373 1700 pridem
391 1614 519 1705 studes,
538 1615 786 1700 relinquentem
805 1635 911 1699 usque
937 1614 980 1677 ad
1005 1627 1119 1698 portas

61 1727 326 1801 prosequantur.
356 1718 386 1785 ll

107 1835 160 1880 1x.
188 1832 235 1878 aa.
260 1816 482 1902 Quamquam
516 1814 596 1901 qaid
625 1813 766 1901 loquor?
823 1814 876 1879 Te
904 1826 939 1880 ut
966 1815 1037 1878 ulla
1065 1835 1120 1879 res
1137 1841 1166 1892 ις
1225 1833 1315 1921 &rw-,0⁴

61 1914 225 2004 frangat?
256 1929 291 1980 tu
313 1928 349 1979 ut
370 1935 534 2002 umquam
557 1913 789 2002 te'corrigas?
820 1927 855 1979 tu
879 1927 916 1979 ut
938 1916 1045 1978 ullam
1070 1915 1122 1978 su·
1149 1904 1234 1972 Μὰ
1327 1971 1328 1974 ,

62 2037 144 2101 gam
175 2014 359 2081 meditere?
390 2029 425 2080 tu
450 2029 485 2080 ut
508 2015 665 2080 exsilium
692 2013 844 2102 cogites?
893 2015 1032 2080 Utinam
1061 2015 1120 2079 tibi

63 2115 164 2182 istam
188 2130 333 2181 mentem
360 2117 393 2182 di
419 2116 628 2180 immortales
652 2114 769 2179 duint!
803 2114 934 2179 tametsi
960 2116 1073 2188 video,
1092 2115 1121 2179 si

63 2237 141 2282 mea
155 2241 241 2282 voce
255 2217 451 2302 perterritus
465 2221 513 2280 ire
531 2215 564 2279 in
583 2216 741 2280 exsilium
760 2216 911 2278 animum
929 2216 1119 2289 induxeris,

63 2332 193 2403 quanta
210 2332 394 2404 tempestas
411 2317 559 2381 invidiae
577 2315 766 2380 nobis—si
784 2317 895 2380 minus
909 2317 942 2379 in
957 2337 1120 2401 praesens
1135 2340 1168 2376 ιο

64 2431 214 2508 tempus,
232 2419 359 2485 recenti
378 2417 542 2482 memoria
565 2417 732 2480 scelerum
758 2428 905 2489 tuorum,
925 2429 958 2480 at
983 2417 1017 2479 in
1043 2438 1121 2501 pos-

65 2523 231 2586 teritatem
244 2559 288 2568 -
299 2518 515 2603 impendeat:
541 2516 600 2580 sed
619 2527 669 2580 est
681 2516 777 2590 tanti,
792 2517 872 2579 dum
888 2518 989 2582 modo
1002 2518 1065 2581 ista
1079 2517 1121 2581 sit
1144 2525 1182 2592 μ’

64 2623 198 2705 privata
212 2620 403 2692 calamitas,
419 2630 451 2682 et
464 2638 483 2680 a
497 2617 545 2681 rei
560 2616 717 2700 publicae
731 2616 891 2700 periculis
905 2617 1117 2703 sejungatur.

65 2720 135 2787 Sed
153 2735 189 2786 tu
208 2736 244 2785 ut
258 2720 347 2784 vitiis
362 2720 428 2784 tuis
446 2737 697 2789 commoveare,
714 2728 748 2779 ut
766 2717 880 2802 legum
899 2737 1027 2800 poenas
1044 2739 1121 2801 per-

65 2822 239 2894 timescas,
267 2833 302 2885 ut
330 2820 539 2904 temporibus
568 2817 615 2880 rei
645 2817 803 2901 publicae
832 2819 948 2890 cedaS,
972 2839 1041 2881 non
1069 2829 1120 2882 est
1133 2841 1164 2891 ²5

66 2923 319 3005 postulandum.
370 2919 493 3005 Neque
519 2918 609 2982 enim
636 2917 664 2981 is
689 2939 737 2990 ee,
761 2916 923 2990 Catilina,
948 2929 982 2981 ut
1006 2931 1037 2980 te
1063 2932 1120 2981 aut

66 3025 176 3105 pudor
199 3042 362 3108 umquam
388 3042 406 3084 a
431 3019 639 3103 turpitudine
657 3030 715 3081 aut
732 3031 840 3081 metus
858 3038 876 3080 a
895 3018 1045 3103 periculo
1063 3030 1119 3082 aut

67 3124 151 3190 ratio
165 3144 184 3188 a
197 3123 309 3186 furore
322 3119 501 3184 revocarit.
534 3134 581 3182 aa.
602 3116 869 3202 Quamobrem,
883 3131 918 3181 ut
929 3139 1031 3202 saepe
1045 3118 1118 3205 jam

69 3221 150 3298 dixi,
173 3222 410 3308 proficiscere;
443 3240 496 3293 ac,
519 3219 546 3282 si
571 3219 653 3282 mihi
677 3218 815 3282 inimico
840 3219 894 3304 (ut
917 3219 1114 3303 praedicas)

70 3331 122 3388 tuo
139 3322 288 3388 conflare
305 3321 356 3384 vis
373 3319 550 3393 invidiam,
569 3331 661 3383 recta
679 3340 786 3405 perge
803 3318 835 3382 in
854 3318 1012 3382 exsilium
1026 3319 1117 3385 :‘vix
1134 3342 1166 3392 30

68 3420 172 3488 seram
201 3441 375 3502 sermones
404 3419 580 3484 hominum
611 3419 638 3483 si
667 3418 700 3482 id
728 3418 870 3492 seceris3
906 3419 963 3482 vix
993 3421 1116 3484 molem

68 3519 160 3588 istius
197 3521 358 3594 invidiae,
392 3520 420 3584 si
457 3519 491 3582 in
524 3517 682 3582 exsilium
711 3519 809 3606 jussu
841 3519 991 3584 consulis
1024 3520 1114 3594 ieris,

69 3624 249 3688 sustinebo.
299 3619 362 3686 Sin
392 3632 503 3683 autem
533 3618 660 3682 servire
688 3640 786 3682 meae
813 3620 905 3685 laudi
930 3633 962 3684 et
986 3620 1117 3708 gloriae

69 3723 185 3797 mavis,
210 3721 374 3809 egredere
399 3739 476 3784 cum
502 3718 694 3804 importuna
719 3720 962 3785 sceleratorum
990 3741 1115 3786 manu:
1169 3801 1173 3806 Ι

70 3823 182 3888 confer
198 3833 229 3887 te
250 3822 293 3886 ad
316 3819 500 3893 Manlium,
520 3818 652 3882 concita
677 3819 826 3903 perditos
850 3817 948 3896 civis,
975 3843 1116 3886 secerne
1136 3842 1167 3894 35

70 3927 140 3989 tea
164 3923 275 3998 bonis,
298 3921 384 3986 inser
408 3919 537 4006 patriae
561 3919 703 3994 bellum,
728 3920 862 3986 exsulta
886 3920 991 4006 impio
1015 3923 1116 4014 latro·
