2714 4266
89 241 133 282 xr.
153 229 214 300 33.]
392 227 428 296 Τ
420 229 463 294 lie
485 229 639 316 Danger
661 231 710 316 os
721 229 851 316 Delay.
1101 245 1143 316 35

88 431 217 497 tionem
253 431 375 521 judici,
409 432 453 498 ad
488 443 642 498 nostrum
682 431 859 496 arbitrium
898 430 1144 520 libidinemque

89 533 284 598 eludemus.

135 651 177 697 al.
201 633 325 700 Nonae
350 648 429 701 sunt
447 636 549 702 hodie
566 635 736 702 Sextiles:
762 635 846 701 hora
862 655 941 700 V111.
961 636 1143 700 convenire

88 738 263 824 coepistis.
331 737 435 803 Hunc
471 739 563 804 diem
596 739 670 827 jam
702 760 745 804 ne
778 748 959 802 numerant
989 737 1141 823 quidem.

89 839 222 904 Decem
247 841 320 906 dies
346 853 424 905 sunt
447 853 525 905 ante
550 841 649 906 ludos
673 840 816 915 votivos
842 861 927 926 quos
952 837 1018 904 Cn.
1043 837 1143 903 Pom·
1179 871 1198 934 3

87 941 188 1026 peius
208 943 358 1006 facturus
379 955 440 1007 est.
491 941 538 1006 Hi
561 942 631 1007 ludi
652 941 725 1006 dies
746 942 941 1028 quindecim
967 941 1141 1008 auferent:

87 1043 214 1109 deinde
232 1044 392 1110 continuo
409 1043 561 1110 Romani
577 1055 839 1132 consequentur.
888 1043 939 1108 lta
955 1064 1061 1130 prope
1078 1063 1140 1108 xi..

87 1144 211 1209 diebus
230 1145 449 1230 interpositis,
468 1157 539 1210 tum
560 1145 707 1232 denique
728 1166 765 1210 se
789 1146 834 1211 ad
858 1166 899 1210 ea
924 1167 1013 1232 quae
1037 1166 1057 1209 a
1082 1167 1143 1210 no-

86 1244 142 1310 bis
166 1246 258 1312 dicta
281 1258 382 1311 erunt
404 1267 629 1331 responsuros
653 1267 729 1311 esse
755 1245 980 1312 arbitrantur:
1018 1246 1142 1312 deinde

87 1367 125 1412 se
143 1347 319 1422 ducturos,
337 1359 372 1412 et
386 1347 533 1412 dicendo
557 1357 591 1412 et
614 1348 826 1422 excusando,
848 1346 950 1412 facile
975 1348 1019 1413 ad
1042 1347 1142 1412 ludos
1161 1371 1194 1412 ro

85 1446 275 1514 Victoriae.
325 1446 416 1514 Cum
434 1447 487 1514 his
503 1447 656 1534 plebeios
676 1469 751 1512 esse
774 1447 995 1536 conjunctos:
1020 1467 1142 1513 secun-

86 1549 171 1612 dum
188 1569 274 1635 quos
292 1558 350 1614 aut
365 1549 450 1613 nulli
468 1560 527 1613 aut
541 1548 704 1634 perpauci
725 1547 798 1614 dies
824 1550 868 1613 ad
892 1549 1066 1636 agendum
1091 1547 1143 1612 lu-

85 1649 153 1712 turi
171 1660 261 1713 sunt.
311 1648 362 1712 lta
380 1648 515 1714 defessa
533 1669 573 1713 ac
596 1648 797 1735 refrigerata
817 1649 1050 1723 accusatione,
1069 1669 1141 1712 rem

86 1749 258 1835 integram
279 1749 323 1814 ad
344 1747 396 1812 Μ.
416 1747 598 1814 Metellum
623 1759 815 1834 praetorem
840 1770 916 1813 esse
940 1760 1140 1813 venturam:

85 1869 191 1935 quem
212 1869 279 1936 ego
299 1849 488 1924 hominem,
507 1849 535 1913 si
552 1849 626 1937 ejus
650 1849 729 1913 fidei
755 1849 886 1913 diffisus
909 1870 1035 1922 essem,
1050 1848 1141 1936 judi·
1159 1874 1190 1928 ¹5

85 1970 164 2013 cem
197 1971 263 2014 non
296 1948 524 2014 retinuissem.
573 1965 620 2012 ³2.
644 1948 750 2014 Nunc
780 1960 895 2014 tamen
928 1949 994 2013 hoc
1026 1949 1140 2015 animo

85 2071 177 2123 sum,
203 2061 241 2114 ut
268 2069 308 2114 eo
332 2049 448 2137 judice
476 2070 580 2136 quam
606 2062 761 2134 praetore
786 2050 876 2113 hanc
900 2070 972 2112 rem
996 2049 1139 2136 transigi

86 2149 227 2222 malim:
253 2161 285 2214 et
303 2149 417 2237 jurato
434 2170 532 2213 suam
549 2170 653 2235 quam
670 2149 817 2236 injurato
835 2148 979 2213 aliorum
995 2148 1140 2214 tabellas

84 2249 311 2314 committere.

131 2368 184 2412 xr.
210 2348 315 2414 Nunc
339 2369 419 2436 ego,
434 2349 581 2436 judices,
597 2349 670 2436 jam
695 2371 755 2413 vos
779 2350 933 2423 consulo,
952 2348 1035 2435 quid
1056 2348 1139 2413 mihi
1155 2374 1188 2410 ιο

83 2448 282 2514 laciendum
317 2449 452 2534 putetis.
517 2447 557 2514 Id
589 2449 681 2513 enim
714 2448 834 2514 consili
871 2448 954 2512 mibi
988 2448 1139 2532 profecto

83 2549 179 2614 taciti
196 2548 333 2623 dabitis,
352 2549 443 2635 quod
461 2560 598 2636 egomet
614 2549 699 2612 mihi
715 2549 910 2613 necessario
930 2547 1138 2632 capiendum

84 2649 261 2735 intellego.
302 2647 339 2713 Si
356 2660 431 2712 utar
447 2649 492 2713 ad
509 2648 693 2714 dicendum
711 2670 787 2713 meo
804 2648 957 2735 legitimo
971 2660 1136 2733 tempore,

85 2749 155 2814 mei
169 2749 308 2824 laboris,
323 2743 523 2823 industriae,
538 2748 805 2836 diligentiaeque
819 2747 954 2834 capiam
968 2748 1114 2813 fructum
1127 2773 1136 2823 ;

84 2862 118 2915 et
148 2849 210 2936 [ex
235 2849 469 2936 accusatione]
498 2849 675 2935 perficiam
698 2859 736 2914 ut
757 2870 857 2913 nemo
877 2869 1040 2934 umquam
1061 2862 1137 2934 post
1153 2874 1185 2926 ²5

85 2950 263 3015 hominurn
285 2951 486 3014 memoriam
511 2950 672 3035 paratior,
690 2949 900 3037 vigilantior,
919 2949 1137 3034 compositior

85 3051 131 3115 ad
143 3049 310 3137 judicium
325 3050 459 3116 venisse
472 3049 639 3115 videatur.
679 3048 763 3122 Sed,
778 3050 812 3113 in
827 3050 892 3113 hac
905 3049 1007 3113 laude
1020 3049 1137 3116 indus·

84 3150 171 3216 triae
188 3170 298 3223 meae,
317 3171 395 3214 reus
412 3169 455 3214 ne
480 3149 634 3214 elabatur
657 3171 830 3214 summum
856 3149 1045 3234 periculum
1071 3162 1132 3216 est.

87 3249 183 3333 Qid
199 3260 249 3314 est
265 3248 368 3336 igitur
384 3249 475 3336 quod
492 3248 566 3314 fieri
582 3249 688 3334 possit
705 3248 718 3314 ἓ
754 3249 834 3315 Non
851 3250 1048 3326 obscurum,
1063 3251 1136 3336 opi-

86 3372 160 3424 nor,
174 3370 285 3436 neque
299 3349 547 3414 absconditum.
580 3366 627 3412 aa.
648 3349 810 3415 Fructum
824 3350 924 3414 istum
939 3350 1063 3425 laudis,
1076 3351 1133 3437 qui
1151 3375 1184 3428 30
1212 3367 1214 3372 “

87 3473 130 3516 ex
161 3462 325 3536 perpetua
353 3449 505 3514 oratione
530 3449 658 3534 percipi
683 3450 802 3535 potuit,
828 3450 863 3514 in
888 3450 955 3514 alia
979 3461 1133 3537 tempora

87 3573 320 3616 reservemus:
352 3571 445 3614 nunc
470 3549 642 3615 hominem
665 3550 802 3624 tabulis,
820 3550 973 3626 testibus,
993 3552 1133 3637 privatis

88 3652 297 3739 publicisque
314 3651 432 3715 litteris
449 3651 771 3738 auctoritatibusque
795 3673 1009 3717 accusemus.
1059 3652 1132 3718 Res

86 3753 196 3818 omnis
221 3752 303 3816 mihi
328 3764 439 3817 tecum
466 3752 539 3823 erit,
563 3751 736 3816 Hortensi.
788 3752 910 3818 Dicam
937 3764 1074 3838 aperte:
1104 3753 1132 3818 si

87 3863 117 3918 te
149 3874 282 3918 mecum
317 3852 461 3917 dicendo
494 3874 536 3918 ac
566 3853 736 3918 diluendis
769 3853 967 3919 criminibus
999 3853 1034 3918 in
1066 3854 1132 3918 hac
1151 3874 1183 3928 35

87 3975 189 4020 causa
215 3954 421 4019 contendere
446 3965 615 4038 putarem,
634 3975 700 4042 ego
724 3976 860 4042 quoque
880 3954 914 4018 in
936 3954 1131 4019 accusando
1183 3941 1185 3947 ¹

1144 2239 1349 2280 ...ιι-θ*
