2716 4266
145 213 151 222 ‘
224 213 290 283 240
447 195 518 263 The
541 196 715 285 Struggle
735 200 879 286 agarirst
898 196 1051 285 Antony.
1074 196 1178 266 [PHIL.
1197 195 1275 250 le.
1346 149 1347 158 ,

217 395 370 463 ¹bissimi's
387 383 570 483 dissipatis.
620 396 710 483 Quis
727 399 865 474 liberos,
880 395 957 485 quis
973 397 1160 486 conjugem
1188 399 1276 484 aspi-

221 516 300 562 cere
325 509 455 583 poterat
471 499 544 562 siue
561 497 664 562 fletu?
687 499 764 585 quis
781 497 945 563 domurn?
967 498 1044 584 quis
1060 498 1177 564 tecta?
1202 500 1276 586 quis

221 598 328 661 larem
357 598 582 662 familiarem?
629 597 700 663 Aut
727 599 960 664 foedissimam
986 609 1128 664 mortem
1155 621 1275 664 omnes

220 709 279 760 aut
311 697 538 762 miserabilem
568 699 687 784 sugam
719 699 928 786 cogitabant.
979 697 1079 763 Haec
1105 721 1124 764 a
1152 700 1276 786 quibus

171 816 186 872 5
219 797 515 872 timebantuneos
540 800 645 863 hostis
663 800 840 884 appellare
855 798 1075 864 dubitamus?
1122 799 1276 864 Gravius

220 897 247 960 si
265 898 341 986 quis
358 897 505 962 attulerit
521 919 659 972 nomen,
681 900 824 963 libenter
840 899 1033 966 adsentiar:
1059 900 1126 966 hoc
1139 899 1276 988 volgari

219 1009 397 1063 contentus
413 998 472 1062 vix
489 1019 578 1074 sum,
597 999 809 1063 leviorenon
828 1011 915 1063 utar.

263 1115 300 1162 ιι.
335 1098 455 1185 Itaque
490 1119 569 1162 cum
603 1099 871 1184 supplicationes
907 1098 1114 1188 justissimas
1147 1120 1194 1165 ex
1228 1099 1277 1163 eis

219 1196 337 1262 litteris
361 1219 451 1284 quae
468 1199 635 1263 recitatae
658 1209 737 1264 sunt
760 1200 947 1264 decernere
971 1201 1174 1275 debeamus
1192 1200 1278 1265 ses

172 1326 205 1366 ro
219 1298 386 1385 viliusque
403 1299 603 1372 decreverit,
620 1299 755 1386 augebo
765 1299 907 1364 omnino
924 1319 1105 1364 numerum
1118 1301 1275 1373 dierum,

219 1399 418 1483 praesertim
443 1419 521 1463 cnm
539 1419 608 1463 non
625 1399 685 1463 uni
702 1400 762 1466 sed
778 1400 885 1464 tri-bus
902 1400 1047 1465 ducibus
1070 1400 1138 1465 sint
1153 1401 1278 1464 decer-

218 1499 365 1563 nendae.
426 1497 498 1564 Sed
531 1499 597 1564 hoc
629 1501 776 1586 primurn
810 1500 948 1574 faciam,
981 1512 1017 1564 ut
1047 1500 1277 1586 imperatores

219 1600 390 1684 appellem
406 1621 479 1674 eos,
491 1621 635 1686 quomm
653 1600 787 1674 virtute,
802 1600 958 1676 consilio,
973 1598 1145 1676 felicitate,
1160 1601 1276 1664 maxi-

219 1699 283 1763 mis
307 1699 467 1784 periculis
484 1700 654 1766 servitutis
679 1713 779 1787 atque
802 1700 957 1766 interitus
981 1700 1111 1764 liberati
1135 1723 1273 1765 sumus.

171 1820 202 1873 ις
219 1798 353 1863 Etenim
373 1799 426 1864 cui
444 1800 565 1888 viginti
584 1802 637 1866 his
654 1801 753 1866 annis
771 1801 975 1885 supplicatio
991 1801 1127 1865 decreta
1152 1812 1219 1876 est,
1241 1814 1277 1865 ut

218 1921 286 1964 non
312 1901 495 1985 imperator
520 1903 763 1987 appellaretur,
782 1913 840 1964 aut
864 1900 1013 1964 minimis
1036 1901 1137 1966 rebus
1161 1902 1275 1987 gestis

219 2015 277 2064 aut
300 2001 503 2088 plerumque
527 2001 653 2066 nullis?
701 1999 965 2084 Quamobrem
985 2011 1042 2064 aut
1066 2001 1276 2086 supplicatio

219 2101 262 2164 ab
279 2123 320 2166 eo
337 2103 394 2188 qui
419 2114 498 2166 ante
515 2103 600 2168 dixit
617 2101 834 2168 decernenda
858 2121 927 2166 non
951 2101 1025 2174 suit,
1044 2112 1102 2164 aut
1124 2101 1275 2167 usitatus

219 2202 328 2266 lronos
346 2204 633 2291 pervolgatusque
645 2202 845 2266 tribuendus
861 2201 923 2275 eis,
938 2201 1061 2286 quibus
1074 2199 1175 2265 etiam
1189 2203 1275 2267 novi

169 2304 480 2389 20singularesque
504 2303 682 2367 debentur.
732 2321 768 2365 v.
794 2317 836 2365 ra.
866 2299 923 2364 An
941 2301 968 2364 si
992 2299 1069 2386 quis
1094 2299 1276 2386 Hispano-

218 2423 292 2466 rum
311 2416 369 2467 aut
387 2403 566 2468 Gallorum
590 2413 646 2466 aut
672 2401 849 2466 Threcum
874 2401 967 2464 mille
996 2410 1053 2463 aut
1079 2399 1148 2464 duo
1173 2401 1273 2466 milia

217 2504 409 2578 occidisset,
434 2525 511 2568 eum
542 2504 608 2568 bac
632 2502 878 2567 consuetudine
902 2519 990 2587 quae
1014 2499 1182 2564 increbuit
1207 2501 1274 2566 im·
1344 2521 1345 2526 ¹

218 2616 407 2688 peratorem
433 2605 622 2689 appellaret
649 2616 809 2667 senatus:
842 2612 889 2666 tot
919 2599 1113 2686 legionibus
1141 2603 1270 2676 caesis,
1344 2619 1345 2673 j

218 2715 310 2767 tanta
325 2705 537 2776 multitudine
549 2704 695 2771 hostiurn
707 2703 883 2768 interfecta
892 2737 938 2750 -
948 2699 1093 2764 hostium
1105 2700 1207 2766 dico?
1226 2704 1272 2767 ita

167 2805 200 2860 ²⁵
218 2793 371 2889 inquam,
398 2804 558 2876 hostium,
585 2803 742 2891 quamvis
776 2805 840 2868 boc
865 2801 916 2866 isti
949 2801 1063 2866 hostes
1089 2801 1271 2868 domestici

218 2903 324 2966 nolint
340 2941 384 2952 -
400 2904 597 2970 clarissimis
621 2904 766 2968 ducibus
791 2900 1076 2988 supplicationum
1102 2901 1269 2968 honorem

217 3004 417 3076 tribuemus,
435 3004 690 3088 imperatorium
716 3025 840 3069 nomen
866 2998 1079 3067 adimemus?
1126 2999 1271 3086 Quanto

217 3103 308 3165 enim
341 3104 482 3176 bonore,
512 3104 651 3177 laetitia,
677 3103 906 3190 gratulatione
937 3101 971 3164 in
1005 3101 1070 3164 hoc
1100 3105 1269 3188 templum
1342 3175 1343 3186 p

217 3201 351 3289 ingredi
380 3203 502 3267 debent
530 3205 580 3267 illi·
606 3203 671 3288 ipsi
698 3205 799 3292 hujus
830 3203 924 3268 urbis
953 3201 1162 3274 liberatores,
1188 3223 1268 3268 cum

167 3307 201 3362 30
218 3303 375 3367 hesterno
392 3304 447 3367 die
470 3317 607 3388 propter
622 3324 740 3369 eorum
758 3325 812 3368 res
830 3315 946 3390 gestas
971 3320 1025 3364 me
1049 3313 1211 3367 ovantem
1238 3318 1269 3368 et

216 3425 322 3490 prope
343 3404 609 3488 triumphantem
628 3405 777 3489 populus
791 3403 973 3468 Romanus
997 3401 1031 3465 in
1056 3399 1278 3485 Capitolium.

216 3504 318 3568 domo
349 3503 473 3576 tulerit,
507 3499 646 3568 domum
680 3503 760 3568 inde
792 3502 987 3568 reduxerit?
1032 3518 1074 3565 1³.
1108 3501 1142 3566 Is
1176 3505 1266 3569 enim

216 3604 355 3667 demum
376 3616 426 3667 est
446 3604 541 3682 (mea
565 3603 703 3688 quidem
729 3605 914 3687 sententia)
939 3604 1050 3692 justus
1073 3603 1266 3689 triumphus

217 3719 258 3763 ac
274 3723 388 3772 verus,
407 3721 484 3764 cum
503 3702 588 3764 bene
606 3701 649 3764 de
667 3722 702 3763 re
720 3702 857 3786 publica
883 3704 1012 3767 meritis
1037 3704 1263 3769 testimonium

168 3808 237 3864 ³5a
269 3819 437 3861 consensu
469 3799 614 3862 civitatis
642 3799 752 3862 datur.
802 3799 895 3862 Nam
923 3801 995 3865 sive
1024 3802 1058 3865 in
1091 3806 1265 3870 communi

217 3897 344 3980 gaudio
373 3896 488 3979 populi
521 3895 672 3960 Romani
703 3896 761 3959 uni
796 3901 1066 3984 gratulabantur,
1098 3923 1262 3990 magnum
