2716 4266
195 179 259 246 218
500 176 646 243 Pardua
671 177 720 265 qs
732 177 938 244 Marcellus.
1127 175 1250 248 [ΜΔΝ

193 391 420 466 cunctamque
445 400 516 443 rem
535 378 707 463 publicam
725 399 779 444 res
803 392 882 443 tuae
907 391 1025 466 gestae
1042 380 1250 465 complexae
1339 373 1340 398 ³

193 495 291 545 sunt:
316 494 445 544 tantum
464 479 582 544 abesa
604 479 810 563 perfectione
836 481 1061 543 maximorum
1088 501 1249 564 operum,

193 595 229 645 ut
246 582 467 646 fundamenta
490 581 640 645 nondum
666 601 754 666 quae
779 579 911 666 cogitas
932 579 1067 666 jeceris.
1119 578 1191 643 Hic
1216 593 1252 642 tu
1339 605 1340 638 l

195 683 332 746 modum
350 681 437 746 vitae
462 694 539 746 tuae
564 703 631 745 non
650 681 758 744 salute
778 679 826 744 rei
852 680 1024 764 publicae,
1043 679 1105 744 sed
1132 680 1253 764 aequi·
1339 675 1340 702 ³

139 807 154 862 5
194 796 260 846 tate
290 783 393 846 animi
420 780 584 847 definies?
632 780 740 866 Quid,
771 781 799 844 si
828 780 917 844 istud
944 801 988 844 ne
1012 780 1147 867 gloriae
1173 792 1252 843 tuae

193 885 333 970 quidem
361 884 442 948 satis
466 882 538 948 est?
574 883 671 970 cujus
695 896 726 946 te
751 903 827 948 esse
852 881 1101 953 avidissimum,
1128 901 1253 966 quam-

194 987 246 1052 vis
277 985 324 1050 sis
356 985 506 1069 sapiens,
535 1006 603 1048 non
631 983 788 1070 negabis.
843 999 891 1048 ao.
925 981 1097 1046 Parumne
1130 981 1251 1067 igitur,
1339 1011 1340 1072 3

194 1086 340 1172 inquies
360 1107 488 1172 magna
508 1083 762 1170 relinquemus?
810 1083 920 1148 Immo
936 1104 1018 1147 vero
1035 1081 1110 1145 aliis
1128 1101 1253 1167 quam-
1339 1075 1340 1096 ¹

195 1189 245 1251 vis
272 1186 383 1250 multis
407 1186 501 1258 satis,
520 1185 578 1249 tibi
602 1185 659 1248 uui
681 1205 815 1269 parum.
866 1183 1042 1270 Quicquid
1066 1192 1116 1246 est
1142 1180 1251 1254 enim,

142 1320 175 1360 10
195 1287 352 1373 quamvis
376 1287 528 1370 amplum
555 1285 608 1358 sit,
636 1285 738 1350 idest
759 1306 880 1370 parum
905 1297 991 1356 tum,
1009 1304 1087 1348 cum
1112 1292 1167 1346 est
1192 1280 1254 1345 ali·

195 1388 276 1474 quid
301 1387 460 1470 amplius.
512 1384 615 1469 Quod
640 1385 667 1450 si
694 1407 806 1449 rerum
830 1398 965 1449 tuarum
991 1380 1249 1456 immortalium,

195 1487 237 1553 C.
257 1487 401 1561 Caesar,
421 1488 477 1550 hic
494 1487 603 1550 exitus
620 1485 752 1550 futurus
770 1486 845 1559 suit,
862 1499 898 1550 ut
922 1484 1064 1550 devictis
1087 1484 1251 1548 adversa·

196 1589 253 1652 riis
278 1610 349 1652 rem
376 1588 548 1673 publicam
570 1587 604 1649 iu
627 1607 667 1650 eo
685 1598 772 1650 statu
789 1587 999 1672 relinqueres
1016 1586 1137 1670 inquo
1159 1603 1252 1646 nunc

196 1701 259 1760 est,
288 1688 378 1761 vide,
408 1708 549 1772 quaeso,
572 1707 615 1750 ne
647 1698 704 1750 tua
732 1686 848 1751 divina
880 1687 985 1750 virtus
1012 1683 1251 1748 admirationis

145 1811 174 1866 ις
198 1790 272 1872 plus
297 1788 339 1851 sit
364 1787 520 1850 habitura
544 1807 648 1872 quam
674 1787 827 1872 gloriae:
860 1786 887 1850 si
905 1786 1043 1872 quidem
1061 1785 1175 1871 gloria
1202 1797 1253 1848 est

197 1887 345 1952 inlustris
378 1907 419 1950 ac
443 1900 630 1971 pervagata
656 1907 859 1972 magnorum
885 1887 938 1950 vel
964 1885 997 1949 in
1022 1907 1103 1949 suos
1128 1886 1183 1949 vel
1219 1885 1252 1948 in

198 1988 340 2073 patriam
359 1987 412 2056 vel
430 1987 464 2050 in
481 2008 582 2050 omne
600 2007 710 2072 genus
728 1987 902 2050 bominum
922 1985 1013 2050 fama
1037 1986 1249 2050 meritorum.
1339 2051 1340 2066 p

242 2108 291 2152 1x.
317 2105 363 2151 27.
390 2087 488 2162 Haec
510 2086 613 2172 igitur
630 2086 688 2148 tibi
705 2087 835 2172 reliqua
859 2108 937 2171 pars
961 2099 1032 2150 est:
1066 2088 1122 2150 bic
1147 2096 1254 2150 restat
1339 2171 1340 2174 Ἴ

198 2203 305 2262 actus,
324 2190 358 2252 in
384 2190 449 2252 hoc
466 2187 712 2251 elaborandum
731 2201 792 2261 est,
812 2199 848 2251 ut
872 2207 944 2250 rem
970 2187 1143 2272 publicam
1170 2207 1252 2251 con·
1339 2183 1340 2208 l

145 2304 179 2344 20
198 2289 328 2363 stituas‚
357 2309 467 2374 eaque
498 2298 533 2350 tu
566 2286 600 2350 in
633 2286 750 2371 primis
782 2307 917 2352 summa
948 2287 1195 2375 tranquillitate
1220 2299 1252 2352 et
1339 2331 1340 2370 3

197 2389 265 2452 otio
291 2388 486 2472 perfruere:
519 2398 588 2450 tum
606 2399 651 2462 te,
670 2387 697 2450 si
715 2387 823 2461 voles
843 2408 920 2451 cum
945 2399 979 2451 et
1003 2387 1132 2473 patriae
1158 2388 1252 2475 quod
1339 2469 1340 2474 ἵ

199 2489 303 2552 debes
327 2487 483 2560 solveris⁹
504 2498 538 2550 et
562 2498 717 2550 naturam
742 2487 853 2572 ipsam
878 2488 1070 2573 expleveris
1094 2489 1251 2554 satietate
1339 2491 1340 2504 ¹

198 2588 347 2666 vivendi,
364 2588 444 2652 satis
462 2587 519 2651 diu
537 2586 662 2650 vixisse
686 2587 800 2652 dicito.
852 2586 948 2674 Quid
972 2601 1023 2654 est
1046 2589 1138 2652 enim
1161 2588 1252 2676 [om-

199 2688 297 2776 nino]
323 2690 388 2753 hoc
412 2689 524 2772 ipsum
554 2686 627 2760 diu,
654 2687 688 2750 in
717 2709 785 2774 quo
811 2698 862 2752 est
885 2689 1013 2774 aliquid
1036 2689 1253 2754 extremum?

147 2799 180 2853 ²5
199 2790 290 2874 quod
315 2810 392 2853 cum
418 2787 522 2858 venit,
540 2786 652 2850 omnis
673 2789 829 2872 voluptas
852 2788 1033 2873 praeterita
1057 2810 1119 2874 pro
1143 2790 1252 2854 nihilo

200 2901 249 2954 est
266 2889 345 2974 quia
363 2900 479 2974 postea
496 2887 591 2950 nulla
608 2899 658 2952 est
674 2887 798 2952 sutura.
850 2887 1071 2974 Quamquam
1089 2889 1150 2954 iste
1173 2899 1252 2954 tuus

200 2989 334 3053 animus
355 3009 542 3076 numquam
567 2987 619 3051 his
645 2988 824 3074 angustiis
842 3009 929 3074 quas
946 3001 1066 3054 natura
1091 2989 1189 3054 nobis
1207 2989 1251 3054 ad

199 3091 382 3155 vivendum
409 3090 513 3161 dedit,
532 3101 709 3156 contentus
726 3089 808 3154 suit:
834 3111 970 3174 semper
989 3089 1252 3154 immortalitatis

201 3213 317 3256 amore
341 3190 507 3277 flagravit.
556 3207 602 3254 as.
627 3189 703 3253 Nec
720 3210 800 3254 vero
818 3190 905 3252 haec
924 3200 982 3252 tua
1000 3189 1066 3254 vita
1091 3190 1251 3253 ducenda

149 3303 184 3356 30
201 3305 263 3365 est,
282 3313 370 3378 quae
396 3311 536 3375 corpore
554 3301 587 3353 et
603 3289 720 3373 spiritu
746 3289 948 3353 continetur.
999 3289 1075 3364 Illa,
1093 3289 1249 3375 inquam,
1339 3295 1340 3298 ’

201 3393 258 3456 illa
276 3393 342 3455 vita
361 3403 410 3456 est
427 3402 496 3463 tua,
515 3410 603 3474 quae
620 3389 749 3475 vigebit
767 3388 929 3452 memoria
947 3389 1161 3454 saeculorum
1180 3409 1252 3452 om·

201 3494 308 3564 nium,
321 3513 423 3577 quam
437 3489 613 3572 posteritas
627 3489 705 3557 alet,
717 3509 821 3574 quam
833 3488 907 3572 ipsa
921 3489 1103 3552 aeternitas
1114 3509 1252 3573 semper

201 3593 358 3655 tuebitur.
410 3589 501 3652 Huic
522 3601 558 3652 tu
579 3588 756 3659 inservias,
778 3587 857 3651 huic
877 3600 908 3651 te
933 3598 1081 3652 ostentes
1105 3596 1265 3672 oportet,

201 3711 289 3776 quae
313 3690 451 3774 quidem
476 3709 564 3773 quae
590 3687 729 3750 miretur
748 3686 820 3772 jam
839 3688 969 3769 pridem
996 3687 1101 3751 multa
1128 3689 1249 3752 babet:

150 3797 182 3854 35
202 3789 410 3850 nuncetiam
428 3808 516 3870 quae
534 3786 649 3849 laudet
665 3797 852 3868 exspectat.
902 3785 1156 3870 Obstupescent
1175 3809 1252 3871 pos-

202 3887 263 3952 teri
296 3899 385 3950 certe
417 3884 573 3970 imperia,
603 3883 809 3968 provincias,
843 3883 1020 3960 Rhenum,
1055 3884 1249 3962 Oceanum,
