2668 4262
205 169 249 232 86
485 169 699 258 Conspiracy
723 171 771 255 os
790 169 952 237 Catilina.
1094 167 1260 240 [Cam-l
1329 147 1330 150 Ἴ

205 368 287 433 lium
313 370 411 436 novis
434 371 536 436 rebus
560 373 752 437 studentem
777 394 881 436 manu
898 395 960 438 sua
976 372 1113 440 occidit.
1163 372 1260 448 Fuit,

205 470 267 534 suit
282 471 345 534 ista
362 473 536 557 quondam
553 473 587 535 in
606 474 671 536 hac
688 495 724 536 re
741 474 878 558 publica
892 474 1010 548 virtus,
1025 485 1062 537 ut
1074 472 1136 536 viri
1154 473 1262 538 fortes

206 571 392 635 acrioribus
408 572 584 656 suppliciis
602 573 711 636 civem
730 555 958 657 perniciosum
979 596 1083 660 quarn
1108 574 1261 638 acerbis·

205 671 327 735 simum
354 671 484 735 hostem
505 677 711 738 coercerent.
763 672 942 738 Habemus
962 686 1100 738 senatus
1120 677 1261 738 consul-

175 783 275 851 3tum
304 771 339 834 in
367 783 411 846 te,
436 770 598 847 Catilina,
621 774 806 837 vehemens
831 786 863 837 et
887 795 1005 860 grave.
1056 772 1133 837 Non
1161 775 1260 839 deest
1330 810 1331 864 3

204 871 252 934 rei
270 872 428 956 publicae
446 872 637 953 consilium,
648 897 758 960 neque
772 875 953 938 auctoritas
978 873 1080 961 hujus
1104 875 1258 938 ordinis:
1330 865 1331 936 l

204 994 279 1046 nos,
297 994 372 1044 nos,
391 973 469 1036 dico
486 985 614 1056 aperte,
634 975 792 1037 consules
810 974 984 1038 desumus.
1017 1007 1030 1058 Ι·

248 1091 287 1135 11.
313 1085 341 1131 4.
365 1071 527 1136 Decrevit
562 1073 736 1158 quondam
769 1086 920 1148 senatus,
954 1086 990 1138 ut
1020 1073 1064 1138 L.
1095 1074 1257 1160 Opimius
1330 1091 1331 1100 ’

203 1173 322 1237 consul
339 1172 469 1236 videret
486 1173 627 1258 nequid
647 1195 700 1237 res
725 1174 862 1258 publica
886 1174 1077 1239 detrimenti
1102 1189 1255 1260 caperet.

160 1300 189 1333 ιο
203 1272 284 1337 Nox
304 1273 398 1337 nulla
415 1273 624 1337 intercessit:
653 1273 849 1338 interfectus
866 1287 917 1340 est
933 1289 1070 1360 propter
1085 1277 1255 1363 quasdam

203 1373 406 1438 seditionum
423 1374 635 1458 suspiciones
652 1373 694 1440 C.
715 1374 910 1449 Gracchus,
928 1377 1118 1442 clarissimo
1142 1391 1253 1462 patre,

203 1494 281 1546 avo,
307 1473 513 1562 majoribus3
546 1473 679 1539 occisus
708 1486 759 1540 est
784 1497 861 1539 curu
891 1476 1006 1540 liberis
1034 1475 1084 1542 M.
1110 1477 1255 1542 Fulvius

203 1575 404 1638 consularis.
454 1573 565 1639 Simili
589 1586 728 1640 senatus
755 1577 910 1641 consulto
938 1575 982 1642 C.
1004 1575 1118 1642 Mario
1145 1589 1179 1642 et
1207 1577 1252 1642 L.

200 1673 342 1740 Valerio
373 1677 570 1741 consulibus
602 1665 652 1742 est
683 1676 850 1760 permissa
883 1698 936 1741 res
971 1678 1131 1762 publica:
1170 1700 1255 1742 num
1331 1751 1332 1754 Ἴ

159 1800 187 1850 ¹5
202 1799 308 1840 unum
334 1776 424 1841 diem
449 1789 566 1861 postea
591 1775 634 1840 1..
654 1773 878 1854 Saturninum
899 1777 1070 1842 tribunum
1091 1779 1200 1862 plebis
1222 1791 1255 1844 et

202 1875 244 1942 C.
265 1875 449 1942 Servilium
466 1890 657 1962 praetorem
678 1875 787 1962 [mors
807 1877 866 1963 ac]
888 1877 935 1940 rei
958 1878 1117 1962 publicae
1140 1900 1254 1964 poena

202 1990 370 2042 remorata
395 1976 467 2043 est?
513 1976 561 2041 At
585 1999 647 2041 nos
671 1977 870 2042 vicesimum
892 1977 964 2063 jam
989 1977 1079 2042 diem
1104 1978 1254 2063 patimur

202 2078 388 2142 hebescere
408 2077 517 2142 aciem
539 2077 661 2141 horum
686 2077 906 2140 auctoritatis.
958 2077 1136 2142 Habemus
1160 2077 1254 2143 enim

202 2177 345 2264 hujusce
369 2178 460 2243 modi
485 2188 622 2242 senatus
647 2178 853 2250 consultum,
878 2199 997 2240 verum
1019 2177 1190 2242 inclusum
1217 2179 1253 2243 in

155 2300 186 2335 20
201 2278 338 2350 tabulis,
356 2290 530 2364 tamquam
548 2277 583 2340 in
600 2276 728 2362 vagina
749 2277 974 2350 reconditum,
993 2298 1062 2362 quo
1086 2300 1129 2341 ex
1153 2299 1255 2342 sena·
1332 2295 1333 2306 ¹

201 2389 254 2441 tus
282 2379 437 2442 consulto
463 2377 642 2442 confestim
670 2387 703 2440 te
731 2375 944 2458 intersectum
974 2399 1062 2451 esse,
1086 2377 1253 2454 Catilina,

201 2477 371 2541 convenit.
420 2476 532 2551 Vivis,
550 2489 582 2540 et
598 2475 685 2540 vivis
702 2497 770 2539 non
789 2476 831 2538 ad
850 2475 1103 2559 deponendam,
1122 2479 1182 2542 sed
1208 2481 1254 2544 ad

201 2578 472 2642 confirmandam
505 2577 698 2641 audaciam.
749 2574 875 2659 Cupio,
906 2588 1020 2660 patres
1053 2577 1253 2662 conscripti,

202 2700 255 2740 me
273 2701 348 2742 esse
366 2679 589 2742 clementem:
619 2675 720 2760 cupio
737 2675 770 2738 in
789 2675 890 2739 tantis
910 2675 957 2738 rei
979 2677 1138 2760 publicae
1162 2679 1256 2762 peri-

155 2799 185 2852 ²5
201 2778 286 2841 culis
300 2800 354 2840 me
368 2800 434 2841 non
447 2777 647 2841 dissolutum
660 2775 766 2839 videri
780 2797 787 2848 ;
806 2775 866 2838 sed
875 2773 947 2862 jam
960 2797 1014 2839 me
1025 2776 1098 2861 ipse
1109 2777 1254 2843 inertiae

200 2877 439 2963 nequitiaeque
456 2877 659 2942 condemno.
708 2889 735 2935 5.
760 2873 883 2940 Castra
900 2876 1028 2939 suntin
1047 2875 1144 2941 ltalia
1169 2897 1256 2944 con-

199 2989 250 3041 tra
267 2979 432 3063 populum
449 2976 647 3040 Romanum
662 2975 696 3038 in
710 2975 866 3038 Etruriae
881 2974 1037 3040 saucibus
1050 2978 1231 3043 conlocata
1246 3004 1255 3042 :

199 3077 321 3142 crescit
337 3078 371 3140 in
389 3079 462 3141 dies
482 3076 636 3162 singulos
657 3075 803 3138 hostium
830 3096 1015 3148 numerus;
1047 3097 1164 3140 eorum
1189 3099 1258 3143 au-

121 3183 127 3194 '
199 3188 267 3242 tem
295 3185 483 3240 castrorum
511 3175 748 3258 imperatorem
774 3175 966 3260 ducemque
991 3176 1136 3239 hostium
1162 3176 1256 3244 intra

151 3301 182 3352 30
200 3278 335 3341 moenia
356 3289 456 3362 atque
477 3276 562 3340 adeo
583 3275 616 3338 in
638 3286 757 3338 senatu
777 3274 946 3348 videmus,
969 3275 1162 3340 intestinam
1188 3279 1256 3343 ali-

199 3399 300 3463 quam
319 3377 441 3440 cotidie
459 3375 644 3459 perniciem
662 3374 709 3437 rei
727 3373 885 3458 publicae
904 3376 1112 3438 molientem.
1161 3376 1200 3441 Si
1219 3391 1253 3444 te

203 3478 289 3565 jam,
309 3476 471 3549 Catilina,
491 3475 748 3558 comprehendi,
765 3474 792 3537 si
810 3474 952 3536 interfici
967 3474 1113 3560 jussero,
1130 3479 1248 3553 cred0,

198 3578 261 3641 erit
287 3577 476 3639 verendum
505 3575 586 3638 mihi
615 3596 658 3638 ne
687 3596 753 3638 non
785 3575 849 3637 hoc
877 3574 988 3657 potius
1016 3597 1135 3639 omnes
1166 3578 1249 3642 boni
1305 3598 1308 3604 ·

198 3677 306 3740 serius
335 3696 355 3736 a
383 3696 450 3744 me,
476 3695 579 3758 quam
607 3673 787 3757 quisquam
817 3673 988 3736 crudelius
1017 3673 1142 3737 sactum
1172 3697 1247 3742 esse

152 3797 183 3849 35
199 3776 300 3839 dicat.
349 3771 481 3836 Verum
499 3794 565 3857 ego
582 3773 660 3845 hoc,
679 3773 769 3856 quod
784 3771 854 3856 jam
873 3772 1004 3855 pridem
1023 3772 1149 3837 factum
1171 3797 1247 3841 esse

198 3873 356 3958 oportuit,
380 3882 472 3936 certa
497 3871 539 3934 de
564 3890 668 3934 causa
692 3870 844 3934 nondum
870 3870 1021 3934 adducor
1045 3885 1081 3935 ut
1104 3873 1244 3940 faciam.

1155 4092 1170 4243 l
