2668 4262
198 188 261 262 172
557 175 713 261 Defence
736 177 784 261 of
801 175 904 242 Milo.
1134 176 1242 246 [utrm

197 377 254 442 diu
291 375 403 440 vexati
441 397 460 440 a
498 375 734 461 perditissimis
785 375 929 452 civibus
967 377 1153 464 aliquando
1188 401 1244 463 per

197 499 257 542 vos
292 498 334 542 ac
367 498 428 562 per
453 489 601 542 vestram
635 477 752 551 fidem,
781 477 951 551 virtutem,
977 480 1243 564 sapientiamque
1316 479 1317 490 ’

197 599 402 643 recreemur.
458 589 485 636 5·
523 573 618 659 Quid
655 575 754 640 enim.
784 577 882 642 nobis
918 579 1065 652 duobus,
1097 579 1242 667 judices,

198 677 410 751 laboriosius,
441 675 523 762 quid
554 675 665 761 magis
695 675 891 752 sollicitum,
919 678 1031 764 magis
1059 680 1244 743 exercitum
1316 731 1317 752 ,

148 802 163 856 ς
197 779 264 843 dici
288 790 345 842 aut
361 777 445 864 fingi
469 787 591 860 potest,
610 774 681 860 qui,
708 797 768 860 spe
787 777 1075 860 ¹amplissimorum
1100 779 1245 861 praemi·

196 899 293 942 orum
311 880 354 943 ad
371 899 442 942 rem
460 877 634 962 publicam
658 875 809 948 adducti,
826 887 917 940 metu
934 877 1246 942 crudelissimorum

197 979 439 1064 suppliciorum
457 998 575 1042 carere
590 997 659 1042 non
681 995 863 1060 possumus
880 974 907 1042 ?-.
931 975 1100 1062 Equidem
1117 989 1246 1042 ceteras

196 1090 412 1164 tempestates
440 1090 472 1142 et
500 1077 731 1163 procellasin
761 1075 828 1148 illis
857 1075 940 1140 dum
968 1089 1062 1142 taxat
1088 1076 1246 1142 fluctibus

196 1180 390 1246 contionum
411 1200 547 1264 semper
564 1177 679 1263 putavi
705 1175 828 1241 Miloni
846 1197 922 1240 esse
939 1176 1149 1253 subeundas,
1170 1179 1247 1264 quia

148 1313 180 1352 10
196 1301 331 1364 semper
354 1301 415 1364 pro
432 1278 529 1344 bonis
546 1291 667 1352 contra,
680 1277 854 1363 improbos
871 1289 1044 1349 senserat3
1070 1277 1104 1340 in
1117 1277 1247 1365 judicio

196 1400 289 1453 vem,
316 1390 349 1443 et
373 1379 407 1442 in
431 1401 472 1444 eo
500 1379 642 1444 consilio
672 1379 708 1442 in
740 1399 808 1464 quo
836 1399 881 1440 ex
913 1377 1043 1442 cunctis
1070 1378 1247 1444 ordinibus

196 1478 397 1563 amplissimi
422 1478 483 1542 viri
503 1479 708 1566 judicarent,
727 1499 917 1564 numquam
941 1477 1133 1542 existimavi
1152 1501 1247 1564 spem

195 1580 300 1642 ullam
326 1600 401 1644 esse
434 1579 607 1644 babituros
635 1578 777 1646 Milonis
809 1578 982 1653 inimicos,
1005 1579 1049 1642 ad
1077 1578 1151 1666 ejus
1182 1601 1246 1644 non

197 1680 296 1744 modo
316 1680 459 1744 salutem
481 1679 782 1766 exstinguendam,
801 1680 863 1744 sed
888 1679 990 1744 etiam
1015 1679 1164 1766 gloriam
1191 1703 1248 1765 per

146 1805 177 1860 ις
195 1779 270 1843 talis
287 1779 377 1843 viros
393 1779 661 1865 infringendam.
697 1793 726 1840 o.
751 1778 1245 1867 Qamquaminhaccausa‚
1316 1797 1317 1822 ³

200 1879 346 1966 judices,
361 1879 405 1942 T.
425 1877 517 1944 Anni
538 1877 721 1952 tribunatu,
741 1881 910 1966 rebusque
931 1881 1089 1946 omnibus
1113 1903 1177 1966 pro
1198 1903 1247 1947 sa·

194 1979 263 2044 lute
280 1979 327 2042 rei
352 1979 507 2061 publicae
532 1980 637 2065 gestis
654 1980 697 2043 ad
724 1979 825 2068 hujus
842 1980 994 2046 criminis
1011 1980 1246 2048 defensionem

195 2100 263 2142 non
286 2079 473 2144 abutemur.
520 2077 597 2142 Nisi
622 2079 729 2145 oculis
749 2080 900 2146 videritis
919 2081 1062 2148 insidias
1082 2081 1247 2148 Milonis
1316 2093 1317 2132 l

194 2177 317 2244 Clodio
342 2178 461 2252 saetas,
490 2199 555 2246 nec
577 2178 791 2264 deprecaturi
820 2203 938 2246 sumus
962 2195 1000 2246 ut
1026 2182 1157 2248 crimen
1185 2185 1247 2248 hoc

141 2299 176 2340 ao
194 2278 291 2344 nobis
308 2290 445 2366 propter
461 2280 565 2344 multa
584 2280 763 2363 praeclara
780 2280 815 2344 in
832 2302 904 2346 rem
928 2281 1101 2367 publicam
1126 2285 1246 2350 merita

193 2380 406 2454 condonetis,
424 2379 726 2463 nec-postulaturi,
740 2392 782 2446 ut
802 2381 830 2446 si
854 2401 946 2448 mors
967 2381 1007 2447 P.
1026 2381 1128 2450 Clodi
1153 2385 1246 2450 salus

193 2492 305 2544 vestra
331 2479 442 2554 suerit,
461 2479 589 2546 idcirco
613 2499 690 2544 eam
714 2480 827 2546 virtuti
851 2481 994 2568 Milonis
1013 2471 1245 2570 potiusquam
1316 2515 1317 2554 r

194 2580 311 2663 populi
328 2578 478 2644 Romani
502 2579 654 2644 felicitati
679 2581 881 2668 adsignetis.
931 2581 1003 2647 Sed
1028 2583 1056 2648 si
1080 2584 1174 2648 illius
1197 2585 1246 2648 in·

193 2679 300 2744 sidiae
325 2679 486 2746 clariores
511 2679 576 2746 hac
601 2680 678 2746 luce
705 2680 842 2756 fuerint,
872 2693 942 2746 tum
972 2682 1122 2770 denique
1146 2686 1245 2750 obse·
1316 2677 1317 2748 i

140 2793 174 2849 ²5
193 2780 296 2844 crabo
318 2779 578 2865 obtestaborque
595 2801 670 2854 vos,
694 2780 844 2868 judices,
868 2782 896 2846 si
914 2794 1027 2848 cetera
1052 2784 1243 2860 amisimus,
1316 2835 1317 2876 p

194 2881 259 2944 boc
272 2881 393 2944 saltem
411 2879 507 2944 nobis
521 2891 557 2946 ut
571 2879 793 2966 relinquatur,
806 2884 849 2948 ab
865 2882 1082 2948 inimicorum
1099 2885 1245 2950 audacia
1316 2879 1317 2942 l

192 2981 334 3066 telisque
352 2978 456 3044 vitam
480 2991 517 3050 ut
532 2980 673 3066 impune
691 2981 792 3046 liceat
808 2982 1005 3048 defendere.

237 3100 288 3144 111.
314 3093 341 3142 τ.
365 3078 436 3144 Sed
453 3092 531 3146 ante
548 3101 652 3168 quam
669 3083 714 3147 ad
731 3097 808 3149 eam
828 3082 1017 3148 orationem
1036 3081 1136 3150 venio
1151 3105 1243 3170 quae
1316 3073 1317 3130 ἶ

191 3192 242 3244 est
265 3179 402 3264 propria
426 3192 559 3246 vestrae
592 3181 815 3268 quaestionis,
838 3181 995 3246 videntur
1018 3203 1059 3248 ea
1092 3205 1168 3250 esse
1191 3206 1243 3248 re·

138 3292 175 3346 30
191 3280 344 3353 futanda,
370 3299 460 3364 quae
484 3292 516 3345 et
539 3281 573 3348 in
598 3293 719 3346 senatu
744 3282 788 3346 ab
814 3280 962 3346 inimicis
990 3303 1094 3368 saepe
1114 3283 1241 3371 jactata
1316 3317 1317 3366 3

191 3391 281 3454 sunt,
299 3391 332 3443 et
348 3376 383 3442 in
409 3379 565 3444 contione
589 3381 633 3445 ab
656 3379 834 3467 improbis,
852 3392 885 3449 et
901 3383 1006 3466 paulo
1026 3394 1104 3447 ante
1126 3385 1170 3447 ab
1186 3405 1240 3448 ac·

191 3479 416 3552 cusatoribus
438 3490 475 3543 ut
501 3479 594 3546 omni
623 3502 736 3545 errore
765 3481 910 3557 sublato,
928 3503 1000 3546 rem
1027 3483 1130 3567 plane
1153 3504 1239 3568 quae

190 3580 304 3644 veniat
331 3580 365 3642 in
393 3578 562 3667 judicium
591 3579 706 3644 videre
739 3580 888 3664 possitis.
948 3581 1090 3668 Negant
1120 3580 1237 3646 intueri
1316 3567 1317 3576 ἵ

152 3751 155 3758 ‚
191 3680 301 3742 lucem
326 3700 401 3742 esse
422 3679 474 3742 sas
493 3678 523 3740 ei
541 3678 598 3762 qui
615 3698 636 3740 a
653 3699 690 3740 se
708 3679 880 3742 hominem
896 3682 1049 3744 occisum
1067 3703 1142 3746 esse
1159 3682 1238 3746 sate-

139 3784 172 3842 35
192 3790 277 3842 atur.
332 3777 371 3840 ln
400 3796 468 3860 qua
496 3776 634 3840 tandem
663 3777 748 3840 urbe
775 3778 840 3843 boc
866 3778 1023 3844 homines
1054 3780 1237 3846 stultissimi
1316 3845 1317 3858 ¹

191 3873 398 3959 disputant?
429 3889 553 3956 nempe
581 3873 616 3936 in
643 3895 685 3938 ea
712 3895 801 3958 quae
828 3877 977 3960 primurn
1003 3877 1172 3965 judicium
1195 3879 1237 3944 de
1316 3863 1317 3902 ³
