2714 4266
81 211 218 280 xx1.6r.]
359 212 393 276 T
387 213 430 276 lte
458 210 610 298 Opr'nr'on
636 213 684 296 of
711 211 869 276 CaluluS.
1092 221 1135 292 79

126 435 190 478 xx.
215 431 260 478 aa.
285 413 473 498 Reliquum
498 425 548 478 est
571 426 608 476 ut
627 414 669 477 de
688 410 742 496 Q
756 411 870 476 Catuli
889 409 1085 474 auctoritate
1102 418 1135 470 et

80 516 248 580 sementia
265 515 449 578 dicendum
467 537 543 578 esse
561 513 727 576 videatur.
778 510 849 595 Qri
867 533 943 574 cum
970 533 1013 573 ex
1038 508 1133 572 vobis

79 627 271 701 quaereret,
295 614 322 678 si
343 615 377 676 in
401 635 470 677 uno
495 613 561 678 Cn.
582 612 746 696 Pompeio
766 612 881 676 omnia
904 609 1086 696 poneretis,
1105 607 1133 671 si

79 717 161 799 quid
183 737 223 779 eo
244 715 371 778 lactum
391 719 493 785 esset,
513 713 545 776 in
567 735 634 797 quo
656 735 751 797 spem
775 713 893 776 essetis
920 709 1133 782 habituri,—

80 815 171 898 cepit
195 835 360 902 magnum
379 835 461 878 suae
479 814 609 877 virtutis
627 813 773 877 fructum
791 833 832 875 ac
849 809 1036 898 dignitatis
1054 830 1133 872 cum
1165 835 1180 890 5

79 935 201 979 omues
218 936 285 978 una
304 937 409 999 prope
426 934 510 978 voce
527 912 561 976 iu
583 911 659 1000 [eo]
678 913 751 996 ipso
768 933 828 975 vos
846 933 941 996 spem
960 910 1133 974 habituros

80 1037 156 1080 esse
174 1015 319 1079 dixistis.
362 1013 499 1078 Etenim
517 1013 593 1077 talis
610 1026 661 1078 est
677 1013 740 1086 vir,
757 1024 792 1074 ut
809 1012 902 1074 nulla
920 1032 974 1074 res
988 1023 1079 1073 tanta
1093 1009 1135 1074 sit

79 1135 121 1178 ac
141 1127 210 1178 tam
229 1115 388 1188 difficilis,
407 1135 510 1200 quam
529 1113 586 1178 ille
604 1135 672 1177 nou
690 1124 723 1176 et
738 1112 880 1176 consilio
898 1131 1018 1196 regere
1035 1122 1068 1174 et
1084 1112 1134 1174 in·

78 1217 238 1301 tegritate
263 1215 347 1278 tueri
373 1226 406 1279 et
429 1215 550 1294 virtute
570 1214 739 1278 conficere
761 1213 877 1296 possit.
928 1210 1000 1276 Sed
1017 1211 1052 1275 in
1069 1212 1135 1275 hoc

73 1313 154 1398 ipso
173 1317 216 1378 ab
233 1337 274 1379 eo
290 1314 590 1379 vehementissime
613 1313 787 1388 dissentio,
806 1313 911 1399 quod,
929 1333 997 1398 quo
1022 1312 1135 1376 minus
1152 1339 1181 1374 10

20 1473 24 1481 ,
79 1427 174 1479 certa
198 1426 248 1479 est
273 1414 450 1478 hominum
475 1435 516 1478 ac
533 1415 646 1478 minus
663 1415 822 1478 diuturna
839 1413 920 1487 vita,
941 1415 1006 1477 hoc
1023 1411 1135 1499 magis

79 1538 134 1579 res
153 1515 304 1600 publica,
323 1516 405 1579 dum
424 1536 484 1598 per
504 1515 586 1579 deos
611 1515 811 1579 immortalis
836 1514 926 1588 licet,
945 1514 1010 1576 frui
1035 1514 1136 1578 debet

14 1697 24 1706 ..
51 1613 207 1679 ..summi
227 1615 287 1677 viri
308 1615 376 1704 vita
400 1628 500 1700 atque
524 1615 656 1679 virtute.
705 1631 754 1678 60.
780 1613 849 1678 ‘At
870 1615 962 1678 enim
987 1635 1029 1677 ne
1053 1614 1136 1699 quid

79 1715 160 1780 novi
194 1716 253 1778 fiat
284 1728 401 1780 contra
434 1715 595 1800 exempla
627 1728 728 1800 atque
761 1715 910 1779 instituta
943 1714 1136 1802 majorum'

80 1815 161 1880 Non
188 1816 301 1880 dicam
327 1817 393 1879 hoc
417 1816 493 1880 loco
517 1815 664 1901 majores
685 1825 818 1880 nostros
839 1837 975 1899 semper
995 1815 1028 1877 in
1049 1835 1134 1899 pace
1152 1838 1181 1889 15

26 1903 30 1908 ’
80 1915 333 1988 consuetudini,
352 1915 386 1978 in
403 1915 493 1996 bello
512 1915 644 1979 utilitati
661 1917 837 2000 paruisse3
863 1936 999 1999 semper
1015 1916 1060 1979 ad
1076 1935 1135 1978 no·

80 2037 140 2079 vos
162 2035 264 2078 casus
281 2026 471 2099 temporum
491 2037 655 2079 novorum
676 2016 894 2079 consiliorum
911 2015 1059 2078 rationes
1076 2014 1136 2079 ad·

17 2163 23 2170 .
80 2115 341 2179 commodasse:
371 2137 437 2178 non
459 2115 571 2178 dicam
590 2115 657 2178 duo
675 2115 765 2178 bella
783 2114 946 2188 maxima,
966 2114 1134 2179 Punicum

81 2227 184 2300 atque
210 2213 455 2297 Hispaniense,
479 2215 522 2278 ab
549 2236 616 2278 uno
641 2214 844 2299 imperatore
867 2237 943 2279 esse
964 2215 1133 2288 confecta,

81 2315 236 2399 duasque
253 2315 345 2378 urbis
363 2314 627 2398 potentissimas,
647 2335 734 2400 quae
756 2315 835 2379 huic
859 2315 1001 2399 imperio
1027 2315 1135 2378 maxi·
1151 2339 1182 2374 20

80 2437 135 2478 me
161 2413 417 2486 minitabantur,
438 2413 693 2500 Karthaginem
717 2427 817 2500 atque
835 2414 1072 2488 Numantiam,
1092 2416 1135 2479 ab

81 2516 204 2579 eodem
219 2512 381 2599 Scipione
393 2535 468 2578 esse
482 2515 633 2578 deletas:
654 2536 723 2578 non
737 2516 1013 2580 commemorabo
1027 2537 1136 2599 nuper

80 2614 126 2677 ita
142 2613 240 2678 vobis
258 2614 477 2699 patribusque
495 2614 614 2678 vestris
633 2636 707 2679 esse
731 2616 856 2689 visum,
879 2629 914 2680 ut
937 2616 972 2678 in
997 2637 1065 2679 uno
1089 2614 1132 2681 C.
1160 2641 1164 2647 ·

81 2713 196 2777 Mario
221 2735 300 2797 spes
325 2714 444 2799 imperi
471 2725 665 2798 poneretur,
691 2726 727 2778 ut
746 2715 837 2779 idem
857 2715 1132 2802 cumJugurtha‚

81 2813 173 2877 idem
191 2834 269 2877 cum
288 2811 450 2887 Cimbris,
469 2814 559 2877 idem
579 2835 657 2878 cum
673 2813 840 2879 Teutonis
857 2815 984 2880 bellum
1001 2816 1135 2879 admin-
1150 2838 1180 2889 25

81 2914 226 2978 istraret.
276 2929 317 2977 61.
343 2913 382 2977 In
407 2914 481 2998 ipso
506 2912 573 2978 Cn.
597 2913 775 2998 Pompei0,
800 2915 834 2978 in
859 2937 926 3000 quo
951 2915 1029 2978 novi
1054 2936 1135 2979 con·

82 3013 172 3077 stitui
202 3013 286 3078 nihil
314 3015 383 3078 volt
412 3011 465 3097 Q
491 3012 649 3089 Catulus,
674 3036 777 3101 quam
811 3016 916 3079 multa
947 3015 1015 3080 sint
1045 3036 1134 3079 nova

82 3134 217 3176 summa
251 3115 304 3197 Q.
329 3112 443 3179 Catuli
475 3114 648 3178 voluntate
681 3115 860 3179 constituta
892 3114 1179 3180 recordamini.V

82 3231 160 3276 xxr.
189 3210 283 3296 Quid
316 3226 383 3277 tam
419 3235 544 3278 novum
573 3235 677 3299 quam
702 3215 997 3278 adulescentulum
1023 3215 1135 3299 priva·

84 3323 153 3376 tum
171 3313 359 3378 exercitum
377 3313 506 3376 difficili
524 3314 571 3377 rei
590 3315 747 3399 publicae
768 3326 920 3399 tempore
943 3312 1134 3379 conficere?
1149 3338 1180 3389 30

85 3410 253 3478 Consecit.
315 3413 408 3476 Huic
441 3413 622 3499 praeesse?
657 3412 820 3478 Praesuit.
885 3415 976 3479 Rem
1007 3416 1133 3500 optime

85 3511 187 3577 ductu
204 3535 266 3578 suo
284 3512 428 3600 gerere?
460 3511 592 3578 Gessit:
639 3511 734 3597 Quid
752 3527 819 3578 tam
838 3527 972 3600 praeter
991 3536 1135 3580 consue-

86 3612 236 3677 tudinem
259 3635 363 3700 quam
390 3613 517 3678 homini
546 3615 832 3698 peradulescenti,
859 3615 956 3704 cujus
988 3628 1081 3680 aetas
1113 3635 1134 3680 a

87 3714 254 3779 senatorio
272 3715 383 3800 gradu
401 3714 504 3799 longe
522 3715 669 3790 abesset,
688 3715 987 3801 imperium'atque
1004 3715 1135 3779 exerci-

86 3823 153 3878 tum
174 3814 262 3886 dari,
284 3813 438 3878 Siciliam
460 3813 619 3897 permitti,
643 3826 742 3899 atque
763 3813 916 3879 Africam
938 3817 1133 3901 bellumque
1150 3841 1181 3891 35

87 3911 120 3975 in
136 3935 177 3979 ea
193 3912 369 4000 provincia
387 3911 719 3978 administrandum?
764 3913 844 3978 Fuit
863 3916 896 3979 in
921 3915 973 3980 his
998 3915 1130 3998 provin⁴
