2668 4262
214 87 238 122 χιι,
246 105 260 116 a

204 184 269 254 114
481 166 695 255 Conspiracy
719 170 767 254 ff
786 167 948 235 Catilina.
1054 167 1180 238 [Cam.
1203 168 1260 220 111.

201 367 243 432 lis
263 367 344 454 quid
364 367 427 432 sibi
445 380 533 434 esset
550 389 628 434 cum
645 369 707 444 eis,
726 391 831 456 quam
847 370 891 436 ob
907 393 980 436 rem
996 371 1137 437 domum
1155 393 1260 436 suam

201 469 387 542 venissent,
413 468 562 554 itemque
591 469 819 534 aVolturcio.
870 469 941 556 Qui
966 493 1044 536 cum
1068 472 1119 535 illi
1143 473 1262 536 brevi·
1302 491 1307 498 ·

201 581 252 632 ter
283 580 543 654 constanterque
576 570 843 654 respondissent,
871 593 933 655 per
963 593 1065 658 quern
1097 574 1142 636 acl
1176 593 1260 636 eum

201 670 424 755 quotiensque
453 670 637 740 venissent,
662 671 942 757 quaesissentque
974 673 1018 736 ab
1050 693 1091 737 eo
1123 673 1261 736 nihilne

173 789 319 856 5secum
340 783 429 833 esset
448 770 490 833 de
512 770 587 834 lutis
604 769 783 856 Sibyllinis
801 773 946 848 locutuS,
964 784 1036 837 tum
1052 773 1110 837 ille
1127 772 1260 843 subito,

204 870 332 933 scelere
350 871 505 946 demens,
523 883 650 957 quanta
666 872 895 936 conscientiae
912 872 963 937 vis
979 884 1069 938 esset
1092 873 1258 938 ostendit.

203 968 295 1033 Nam
314 991 392 1034 cum
409 972 443 1035 1d
459 982 574 1057 posset
583 967 731 1047 infitiari,
744 985 884 1057 repente
901 985 1036 1058 praeter
1055 977 1260 1059 opinionem

204 1070 355 1135 omnium
378 1073 555 1136 confessus
574 1061 636 1136 est.
686 1072 737 1136 Ita
759 1094 837 1136 eum
857 1095 926 1138 non
950 1074 1050 1138 modo
1074 1073 1262 1161 ingenium

204 1171 288 1236 illud
302 1185 335 1236 et
346 1173 481 1238 dicendi
494 1172 704 1247 exercitatio,
716 1193 784 1258 qua
798 1193 933 1258 semper
944 1174 1063 1248 valuit,
1076 1174 1260 1238 sedetiam

159 1301 189 1340 10
205 1285 341 1358 propter
357 1273 426 1336 vim
442 1273 581 1337 sceleris
604 1273 772 1336 manifesti
795 1285 895 1360 atque
915 1274 1120 1359 deprehensi
1142 1275 1261 1358 impu-

204 1373 332 1446 dentia,
350 1395 418 1460 qua
435 1374 618 1458 superabat
634 1373 757 1446 omnis,
776 1372 1041 1459 improbitasque
1058 1373 1198 1439 defecit.

248 1489 290 1538 12.
313 1473 509 1539 Volturcius
529 1495 609 1538 vero
626 1473 736 1537 subito
753 1473 879 1538 litteras
897 1473 1038 1558 proferri
1056 1493 1157 1560 atque
1174 1495 1261 1560 ape-

205 1574 262 1639 riri
282 1575 391 1663 jubet,
408 1595 495 1660 quas
512 1574 575 1638 sibi
593 1593 613 1636 a
630 1573 777 1637 Lentulo
795 1574 839 1637 ad
856 1572 1040 1639 Catilinam
1059 1585 1156 1642 datas
1180 1597 1259 1640 esse

205 1675 352 1740 dicebat.
401 1673 515 1760 Atque
535 1673 581 1738 ibi
601 1673 899 1738 vehementissime
923 1675 1139 1759 perturbatus
1162 1673 1259 1738 Len·

160 1803 189 1854 ις
205 1775 295 1840 tulus
327 1789 441 1838 tamen
473 1784 506 1838 et
536 1774 673 1860 signum
706 1784 739 1836 et
771 1794 911 1836 manum
946 1796 1044 1838 suam
1079 1776 1256 1862 cognovit.

205 1874 314 1939 Erant
330 1887 442 1938 autem
460 1872 642 1960 [scriptae]
660 1873 733 1936 sine
749 1872 901 1949 nomine,
919 1877 980 1941 sed
994 1875 1060 1938 ita:
1082 1874 1176 1959 ‚Quis
1193 1877 1257 1939 sim

205 1976 289 2040 scies
306 1997 348 2038 ex
363 1997 401 2038 eo
419 1995 517 2060 quem
534 1974 583 2036 ad
601 1981 635 2036 te
657 1973 747 2034 misi.
803 1971 900 2037 Cura
925 1983 963 2037 ut
985 1976 1045 2038 vir
1067 1976 1125 2049 sis,
1146 1983 1180 2039 et
1206 1999 1260 2040 co·

200 2077 280 2162 gila
304 2075 459 2160 quentin
482 2073 591 2136 locum
615 2073 661 2134 sis
679 2080 911 2158 progressum·
943 2075 1025 2138 vt'cie
1048 2075 1174 2161 ecquid
1196 2075 1261 2139 tibi

205 2176 287 2262 jam
303 2178 348 2238 sit
364 2195 507 2247 necesse,
527 2181 559 2236 et
575 2193 661 2236 cura
678 2181 716 2234 ut
732 2176 882 2236 omm'um
899 2175 966 2237 tibi
978 2176 1113 2238 auxilia
1129 2175 1260 2260 adjun-

127 2279 190 2336 ’κο
200 2295 282 2362 gas,
306 2277 407 2338 etaiam
432 2273 638 2356 infimorum.
687 2270 856 2336 Gabinius
879 2273 1004 2338 deinde
1029 2274 1258 2348 introductuS,

205 2395 284 2440 cum
302 2374 413 2459 primo
428 2372 644 2456 impudenter
660 2372 867 2456 respondere
883 2373 1064 2457 coepisset,
1083 2375 1127 2438 ad
1145 2389 1259 2438 extre-

205 2496 298 2538 mum
328 2473 411 2536 nihil
439 2493 484 2536 ex
511 2471 560 2536 eis
588 2492 675 2556 quae
704 2470 796 2536 Galli
828 2471 1073 2538 insimulabant
1099 2476 1256 2561 negavit.

204 2591 245 2640 1³.
269 2573 323 2638 Ac
340 2573 421 2636 mihi
440 2572 590 2658 quidem,
611 2569 776 2654 Quirites,
795 2591 872 2634 cum
890 2572 949 2636 illa
969 2574 1157 2638 certissima
1182 2575 1259 2639 visa

204 2687 282 2740 sunt
303 2683 506 2760 argumenta
527 2684 627 2758 atque
645 2671 771 2734 indicia
788 2671 939 2747 sceleris,
954 2673 1166 2749 -tabellae,
1185 2675 1258 2763 sig-

154 2803 187 2854 -25
205 2797 262 2848 na,
293 2795 429 2847 manus,
458 2773 605 2857 denique
633 2771 733 2834 unius
762 2771 927 2858 cujusque
955 2773 1146 2847 confessi0;
1182 2787 1257 2838 tum

204 2877 309 2940 multo
330 2875 472 2939 certiora
493 2873 564 2944 illa,
577 2869 738 2944 —color,
758 2871 861 2944 oculi,
883 2873 1006 2946 voltus,
1026 2873 1254 2940 taciturnitas.

204 2975 263 3042 Sic
282 2975 373 3040 enim
390 2976 646 3058 obstupuerant,
664 2970 714 3034 sic
729 2982 854 3034 terram
870 2971 1100 3048 intuebantur,
1119 2973 1170 3038 sic
1186 2974 1257 3039 fur-

203 3079 261 3142 tim
282 3099 349 3141 non
370 3094 556 3159 numquam
578 3072 665 3136 inter
686 3092 761 3135 sese
786 3070 1009 3155 aspiciebant,
1030 3084 1066 3136 ut
1089 3095 1159 3138 non
1187 3075 1255 3140 'am

203 3179 247 3243 ab
264 3179 339 3243 aliis
356 3173 512 3248 indicari,
531 3173 592 3237 sed
608 3171 761 3235 indicare
778 3191 814 3234 se
831 3170 894 3254 ipsi
914 3171 1119 3236 viderentur.
1145 3098 1193 3232 Ἀ

155 3302 186 3352 30
247 3299 298 3342 vr.
326 3265 466 3342 lndiciis
490 3271 652 3357 expositis
677 3282 777 3356 atque
794 3267 904 3343 editis,
923 3282 1078 3335 senatum
1096 3274 1253 3338 consului

204 3381 246 3446 de
263 3400 396 3445 summa
414 3373 604 3461 republica
621 3370 704 3458 quid
721 3369 793 3433 fieri
817 3369 979 3453 placeret.
1030 3371 1151 3438 Dictae
1175 3386 1252 3439 sunt

203 3502 223 3545 a
241 3479 451 3566 principibus
468 3474 655 3540 acerrimae
673 3492 714 3534 ac
731 3469 933 3533 fortissimae
949 3471 1151 3547 sententiae,
1165 3495 1251 3560 quas

203 3593 340 3646 senatus
368 3579 440 3642 sine
468 3576 539 3640 ulla
566 3574 729 3636 varietate
753 3582 804 3634 est
827 3583 974 3634 secutus.
1024 3569 1068 3636 Et
1088 3575 1249 3659 quoniam

204 3681 354 3743 nondum
372 3690 422 3740 est
438 3673 662 3758 perscriptum
680 3682 817 3734 senatus
834 3672 1040 3744 consultum,
1058 3693 1103 3735 ex
1123 3695 1250 3739 memo·

156 3798 186 3847 35
204 3779 254 3840 ria
282 3775 391 3848 vobis,
418 3772 583 3854 Quirites,
606 3770 687 3855 quid
712 3781 850 3832 senatus
873 3772 1043 3834 censuerit
1065 3792 1247 3858 exponam.

204 3892 245 3937 rt.
269 3874 421 3937 Primum
447 3869 529 3934 mihi
553 3868 684 3955 gratiae
707 3866 820 3931 verbis
844 3868 1064 3952 amplissimis
1088 3886 1248 3959 aguntur,
