2714 4266
206 117 250 202 ’54
484 115 744 203 Irnpeaclrment
766 116 815 202 os
835 113 972 181 Verres.
1075 105 1193 175 [Vana
1208 112 1261 166 VI.

205 318 322 383 litteris
343 315 487 392 Gavius,
510 317 575 382 hoc
595 317 727 404 lingere
747 327 780 382 et
799 316 927 406 eligere
947 337 1088 391 nomen,
1109 327 1149 381 ut
1168 317 1263 380 hunc

205 417 301 481 illum
318 440 394 482 esse
411 419 538 503 possim
556 417 691 492 dicere3
717 419 777 483 sed
795 420 838 483 ad
856 418 1030 482 arbitrium
1048 431 1144 482 tuum
1168 417 1262 481 testis

205 518 308 593 dabo,
326 519 384 604 qui
405 519 505 582 istum
528 518 639 604 ipsum
666 517 849 605 Syracusis
873 518 935 582 abs
959 529 991 582 te
1016 519 1049 581 in
1074 519 1262 581 lautumias

205 618 396 707 conjectum
425 640 501 684 esse
530 619 656 683 dicant.
715 617 908 683 Producam
933 619 1034 682 etiam
1060 617 1260 690 Consanos,

175 749 190 803 5
206 719 396 805 municipes
412 718 503 784 illius
520 739 562 783 ac
578 719 803 793 necessarios,
822 719 880 805 qui
897 732 929 784 te
947 741 1038 783 nunc
1055 741 1131 783 sero
1158 720 1263 782 doce-

206 831 276 894 ant,
301 819 437 907 judices
465 840 534 883 non
562 841 651 894 ser0,
674 819 769 884 illurn
793 818 834 884 P.
859 818 1023 894 Gavium,
1044 840 1146 905 quem
1169 830 1206 882 tu
1228 817 1262 881 in

205 940 342 983 crucem
367 919 481 1008 egisti,
507 919 618 984 civem
644 918 843 984 Romanum
868 932 900 984 et
928 919 1136 1005 municipem
1168 917 1263 984 Con·
1313 893 1315 984 i

205 1040 341 1095 sanum,
360 1042 428 1084 non
446 1020 692 1105 speculatorem
711 1019 932 1106 fugitivorum
949 1019 1065 1086 fuisse.

251 1139 353 1184 Lx1v.
377 1133 406 1180 a.
430 1119 519 1185 Cum
538 1120 624 1184 haec
640 1120 769 1194 omnia,
783 1141 873 1206 quae
891 1121 1065 1205 polliceor,
1085 1121 1263 1186 cumulate

159 1251 191 1287 ιο
205 1220 271 1286 tuis
303 1221 453 1306 patronis
485 1221 590 1305 plana
617 1219 744 1296 fecer0,
766 1231 838 1285 tum
865 1220 952 1285 istuc
981 1221 1091 1307 ipsum
1119 1222 1260 1296 teneb0‚

205 1321 297 1408 quod
314 1322 375 1386 abs
392 1333 423 1385 te
441 1320 523 1385 mihi
541 1320 660 1385 datur:
687 1342 727 1384 eo
745 1333 939 1386 contentum
958 1343 1012 1386 me
1029 1344 1104 1386 esse
1128 1322 1259 1387 dicam.
1318 1353 1320 1430 q

207 1419 301 1506 Qtid
319 1421 409 1486 enim
427 1443 536 1506 nuper
551 1432 587 1485 tu
603 1421 689 1505 ipse,
708 1442 786 1484 cum
804 1422 921 1507 populi
939 1421 1091 1487 Romani
1107 1423 1262 1487 clamore
1320 1454 1321 1506 q

206 1534 307 1608 atque
324 1521 452 1607 impetu
467 1522 681 1606 perturbatus
694 1521 873 1597 exsiluisti,
886 1522 982 1609 quid,
997 1523 1149 1609 inquam,
1167 1523 1262 1586 locu·
1321 1548 1322 1596 l

205 1635 259 1688 tus
275 1622 335 1688 es?
381 1621 496 1696 Illum,
514 1622 605 1707 quod
626 1643 756 1685 moram
780 1622 948 1707 supplicio
972 1635 1163 1709 quaereret,
1183 1622 1263 1687 ideo
1322 1640 1323 1680 r

159 1751 189 1802 15
207 1723 401 1788 clamitasse
417 1744 454 1787 se
471 1743 546 1786 esse
564 1720 673 1786 civem
691 1720 904 1798 Romanurn,
923 1723 983 1787 sed
1008 1723 1261 1808 speculatorem
1323 1732 1324 1766 l

206 1823 322 1887 fuisse.
368 1822 446 1909 Jam
473 1822 538 1887 mei
566 1833 668 1886 testes
695 1822 766 1885 veri
795 1834 885 1887 sunt.
935 1821 1031 1908 Quid
1058 1823 1150 1888 enim
1179 1822 1263 1887 dicit
1324 1826 1325 1860 ¹

207 1923 300 1988 aliud
316 1921 359 1988 C.
379 1920 615 1987 Numitorius?
645 1921 728 2009 quid
745 1921 797 1985 M.
818 1934 851 1986 et
867 1921 903 1986 Ρ.
922 1921 1038 1999 Cottii,
1057 1923 1262 1988 nobilissimi
1325 1918 1326 1948 ¹

207 2024 376 2096 homines,
394 2043 438 2087 ex
455 2044 540 2109 agro
556 2021 873 2088 Tauromenitano?
905 2023 986 2109 quid
1005 2022 1260 2109 QLucceius,
1326 2012 1327 2028 ³

207 2124 263 2211 qui
289 2123 519 2210 argentariam
546 2123 650 2210 Regii
675 2123 863 2187 maximam
888 2121 989 2187 fecit?
1026 2123 1108 2211 quid
1133 2122 1261 2188 ceteri?
1327 2104 1328 2128 ¹

158 2251 189 2284 20
207 2224 334 2289 Adhuc
362 2223 453 2287 enim
478 2235 578 2287 testes
603 2244 647 2288 ex
670 2245 710 2287 eo
735 2245 863 2310 genere
885 2244 905 2288 a
923 2245 978 2288 me
995 2236 1073 2288 sunt
1088 2225 1171 2299 dati,
1191 2246 1261 2289 non

207 2324 264 2412 qui
293 2323 428 2389 novisse
458 2321 620 2397 Gavium,
640 2322 700 2388 sed
727 2344 763 2386 se
789 2323 915 2388 vidisse
935 2324 1100 2398 dicerent,
1119 2324 1258 2400 cumis,

207 2426 264 2515 qui
282 2447 318 2490 se
336 2425 445 2490 civem
463 2422 663 2487 Romanum
681 2444 755 2488 esse
773 2423 951 2500 clamaret,
970 2424 1003 2488 in
1020 2444 1159 2489 crucem
1177 2447 1261 2513 age-

207 2538 309 2591 retur.
360 2523 438 2590 Hoc
457 2536 506 2598 tu,
524 2523 665 2598 Verres,
687 2523 778 2588 idem
799 2523 904 2598 dicis;
938 2525 1004 2590 hoc
1027 2536 1063 2590 tu
1087 2526 1259 2590 confiteris

207 2628 302 2691 illum
331 2625 539 2700 clamitasse,
561 2645 598 2689 se
621 2623 731 2688 civem
757 2645 832 2688 esse
856 2623 1075 2699 Romanum;
1109 2626 1203 2711 apud
1226 2636 1260 2690 te

159 2751 189 2800 25
207 2749 332 2793 nomen
357 2726 502 2791 civitatis
524 2745 567 2789 ne
589 2736 720 2789 tantum
737 2723 875 2811 quidem
893 2725 1054 2800 valuisse,
1072 2737 1110 2790 ut
1126 2727 1260 2792 dubita-

207 2829 332 2894 tionem
360 2826 509 2912 aliquam
540 2825 663 2900 crucis,
690 2836 726 2888 ut
753 2825 979 2890 crudelissimi
1005 2826 1259 2913 taeterrimique

207 2927 352 3013 supplici
371 2927 520 3012 aliquam
539 2946 680 3010 parvam
699 2946 829 2990 moram
842 2927 962 2990 saltem
981 2938 1094 3011 posset
1107 2927 1254 2992 adferre.

223 3081 228 3092 .
252 3045 294 3091 10.
319 3025 397 3092 Hoc
410 3038 521 3100 tene0,
538 3025 593 3089 hic
607 3026 745 3101 haereo,
757 3025 904 3114 judices.
939 3025 1018 3091 Hoc
1029 3049 1105 3091 sum
1118 3039 1258 3093 conten·

206 3141 260 3194 tus
283 3149 372 3202 un03
404 3127 521 3193 omitto
552 3147 593 3190 ac
620 3126 770 3214 neglego
798 3138 931 3201 cetera3
958 3148 1020 3192 sua
1043 3127 1257 3194 confessione

159 3249 191 3299 ³0
207 3230 367 3295 induatur
392 3248 432 3292 ac
452 3227 628 3315 juguletur
648 3248 788 3292 necesse
813 3239 875 3293 est.
926 3224 996 3311 Qi
1014 3239 1103 3292 esset
1119 3228 1257 3314 ignora-

207 3331 290 3404 bas3
311 3329 561 3413 speculatorem
579 3349 654 3393 esse
667 3327 900 3413 suspicabare.
950 3325 1030 3392 Non
1043 3349 1172 3414 quaero
1188 3350 1257 3414 qua

207 3429 415 3515 suspitione:
439 3440 545 3493 tuate
563 3449 687 3492 accuso
703 3427 868 3491 oratione.
917 3424 1038 3491 Civem
1057 3428 1256 3495 Romanum

208 3553 244 3595 se
269 3551 344 3594 esse
368 3529 516 3594 dicebat.
565 3527 603 3591 Si
628 3540 676 3601 tu,
699 3527 790 3610 apud
814 3525 938 3591 Persas
963 3539 1020 3590 aut
1044 3526 1078 3590 in
1102 3542 1256 3594 extrema

209 3629 308 3693 India
336 3629 584 3712 deprehensus,
607 3625 747 3693 Verres,
775 3624 817 3687 ad
846 3625 1052 3710 supplicium
1077 3627 1253 3704 ducerere,

159 3749 191 3799 35
209 3727 289 3812 quid
313 3727 405 3788 aliud
430 3724 636 3796 clamitares,
655 3723 719 3785 nisi
744 3736 775 3786 te
800 3724 910 3786 civem
935 3744 1009 3788 esse
1034 3724 1256 3793 Romanum?

210 3825 266 3899 Et,
288 3825 317 3887 si
338 3825 397 3885 tibi
423 3824 539 3908 ignoto
566 3820 657 3907 apud
676 3805 824 3907 ignotos,
849 3822 941 3907 apud
965 3823 1142 3902 barbaros,
1164 3829 1256 3914 apud
