2716 4266
197 175 262 263 248
406 174 477 243 The
501 175 672 265 Struggle
695 179 835 266 against
857 177 1011 265 Antony.
1052 175 1151 246 [Pan.
1163 175 1236 231 xlv.

196 387 254 440 aut
278 377 442 442 videbunt
464 389 615 442 vestrum
641 379 887 444 monimentum
913 389 971 442 aut
994 378 1146 452 audient,
1167 398 1238 464 gra-
1325 461 1326 464 Ἴ

195 476 344 541 tissimus
362 499 473 542 sermo
491 478 704 542 conticescet.
752 478 803 542 Ita
821 497 882 564 pro
899 477 1032 543 mortali
1045 478 1237 543 condicione
1325 495 1326 506 *

195 577 284 642 vitae
301 577 588 642 immortalitatem
607 577 687 642 estis
704 579 890 643 consecuti.
1325 641 1326 658 ,

240 697 321 742 x111.
361 695 408 743 34.
455 677 527 743 Sed
551 678 727 764 quoniam,
753 691 867 763 patres
892 677 1088 762 conscripti,
1114 676 1239 764 gloriae
1325 701 1326 768 ᾗ

144 804 160 861 5
195 799 320 844 munus
337 778 473 865 optimis
490 790 523 843 et
540 777 730 843 fortissimis
748 778 879 844 civibus
897 777 1095 842 monimenti
1117 779 1240 842 honore
1325 785 1326 790 ’

196 881 410 964 persolvitur,
438 880 656 944 consolemur
682 896 800 944 eorum
826 877 1013 964 proximos,
1037 876 1163 962 quibus
1187 897 1239 961 op

195 979 277 1044 tima
308 991 359 1045 est
386 981 474 1044 haec
502 980 640 1066 quidem
669 979 876 1047 consolatio:
911 977 1123 1063 parentibus,
1156 977 1242 1063 quod
1325 1021 1326 1038 .

194 1090 288 1145 tanta
311 1081 359 1146 rei
386 1081 544 1166 publicae
570 1079 741 1166 praesidia
767 1089 981 1168 genuerunt3
1006 1077 1137 1152 liberis,
1156 1077 1244 1164 quod
1325 1135 1326 1168 ,

196 1181 371 1246 habebunt
409 1181 596 1246 domestica
635 1181 796 1265 exempla
834 1176 986 1254 virtutis3
1014 1179 1242 1266 conjugibus,

146 1315 178 1354 10
195 1282 286 1368 quod
315 1282 364 1347 eis
394 1281 476 1347 viris
509 1282 685 1356 carebunt,
703 1303 789 1368 quos
819 1281 963 1346 laudare
993 1300 1098 1365 quarn
1127 1280 1244 1366 lugere

194 1383 400 1470 praestabit3
433 1383 606 1456 fratribus,
624 1382 715 1470 quod
732 1381 767 1445 in
784 1402 821 1446 se
838 1391 874 1445 ut
892 1401 1086 1466 corporum,
1107 1381 1158 1445 sic
1181 1379 1244 1444 vir·
1325 1395 1326 1434 l

194 1491 302 1547 tutum
334 1482 590 1549 similitudinem
623 1503 699 1548 esse
730 1481 914 1547 confident.
962 1479 1078 1567 Atque
1114 1481 1244 1545 utinam

195 1582 248 1646 his
273 1583 431 1648 omnibus
455 1584 653 1670 abstergere
677 1581 793 1647 fletum
814 1581 988 1647 sententiis
1017 1581 1140 1646 nostris
1167 1603 1245 1647 con·
1325 1575 1326 1624 l

194 1684 357 1772 sultisque
382 1706 574 1771 possemus,
592 1685 647 1750 vel
665 1685 779 1771 aliqua
804 1684 882 1749 talis
906 1684 956 1749 eis
980 1683 1133 1749 adhiberi
1162 1685 1245 1770 pub·

145 1806 174 1863 ις
194 1781 259 1848 lice
291 1798 404 1869 posset
430 1785 551 1860 oratio,
580 1805 648 1872 qua
679 1786 891 1872 deponerent
921 1805 1109 1850 maerorem
1143 1785 1246 1872 atque¹
1325 1767 1326 1844 l

193 1881 336 1959 luctum,
355 1886 613 1974 gauderentque
633 1887 756 1971 potius,
772 1906 851 1950 cum
876 1887 982 1950 multa
1006 1897 1039 1950 et
1061 1885 1161 1950 varia
1185 1886 1245 1950 im·
1325 1845 1326 1912 A

194 1984 381 2067 penderent
412 1985 607 2050 hominibus
638 2005 768 2073 genera
799 1986 928 2061 mortis,
955 1985 990 2053 id
1015 2007 1126 2074 genus
1154 1985 1245 2072 quod

193 2092 283 2148 esset
298 2083 565 2169 pulcherrimum
583 2086 652 2151 suis
669 2085 845 2174 obtigisse,
861 2107 988 2172 eosque
1005 2106 1069 2151 nec
1085 2085 1245 2151 inhuma-

193 2193 244 2247 tos
269 2203 345 2248 esse
370 2205 434 2250 nec
460 2179 625 2261 desertos,
643 2187 734 2272 quod
762 2197 877 2251 tamen
905 2186 1017 2272 ipsum
1046 2207 1108 2272 pro
1132 2186 1245 2272 patria
1325 2191 1326 2250 l

140 2299 175 2340 20
193 2303 261 2347 non
286 2283 519 2350 miserandum
544 2297 693 2371 putatur,
711 2302 776 2352 nec
803 2286 965 2371 dispersis
989 2285 1098 2352 bustis
1120 2286 1245 2352 humili

192 2382 364 2467 sepultura
398 2397 578 2460 crematos
606 2387 667 2452 sed
699 2397 871 2452 contectos
903 2387 1049 2471 publicis
1080 2389 1244 2473 operibus
1325 2379 1326 2416 ³

192 2493 292 2568 atque
321 2476 532 2559 muneribus
551 2507 659 2572 eaque
686 2486 914 2552 exstructione
939 2508 1028 2573 quae
1045 2489 1087 2553 sit
1103 2489 1148 2553 ad
1174 2510 1245 2552 me·

191 2581 335 2648 moriam
360 2585 566 2651 aeternitatis
591 2607 651 2650 ara
669 2585 824 2652 Virtutis.
873 2603 918 2651 35.
959 2586 1077 2672 Quam
1100 2589 1243 2655 obrem

190 2683 380 2748 maximum
404 2680 542 2771 quidem
567 2683 731 2751 solacium
749 2687 811 2754 erit
827 2689 1094 2776 propinquorum
1119 2690 1242 2756 eodem

139 2790 172 2848 '²⁵
191 2784 398 2850 monimento
426 2785 594 2850 declarari
622 2798 655 2851 et
684 2788 842 2854 virtutem
874 2811 1026 2866 suorum,
1059 2802 1093 2856 et
1123 2789 1243 2876 populi

189 2881 342 2948 Romani
371 2885 543 2971 pietatem,
574 2898 607 2952 et
638 2901 776 2954 senatus
803 2891 921 2967 fidem,
947 2902 981 2958 et
1007 2889 1241 2958 'crudelissimi

189 2985 388 3050 memoriam
409 2985 511 3052 belli:
543 2987 577 3054 in
598 3011 665 3076 quo
684 2990 749 3055 nisi
769 3003 862 3057 tanta
884 2991 1028 3058 militum
1053 2993 1160 3058 virtus
1180 3013 1241 3064 ex?

189 3083 338 3160 stitisset,
356 3085 538 3171 parricidio
563 3087 615 3152 M.
642 3089 770 3156 Antoni
795 3113 920 3158 nomen
944 3093 1062 3181 populi
1086 3090 1238 3160 Romani

189 3184 377 3250 occidisset.
440 3187 553 3276 Atque
585 3189 687 3255 etiam
722 3212 860 3269 censeo,
893 3205 1008 3279 patres
1039 3191 1235 3278 conscripti,

138 3289 173 3343 30
189 3304 277 3370 quae
309 3288 460 3372 praemia
494 3290 654 3357 militibus
687 3293 905 3376 promisimus
936 3301 999 3360 nos
1031 3317 1067 3360 re
1099 3293 1236 3380 publica

189 3399 387 3471 recuperata
404 3389 597 3463 tributuros,
617 3413 656 3456 ea
673 3391 761 3458 vivis
777 3393 1029 3481 victoribusque
1049 3395 1233 3464 cumulate,

188 3504 266 3548 cum
292 3498 426 3572 tempus
453 3491 593 3563 venerit,
614 3491 861 3576 persolvendas
893 3495 950 3581 qui
977 3506 1089 3559 autem
1116 3513 1160 3558 ex
1186 3491 1233 3554 eis

188 3584 310 3669 quibus
327 3585 384 3648 illa
403 3589 569 3670 promissa
588 3604 666 3654 sunt
684 3613 744 3674 pro
762 3592 870 3676 patria
887 3593 1096 3668 occiderunt,
1115 3607 1231 3656 eorum

189 3682 397 3764 parentibus,
417 3685 545 3760 liberis,
565 3688 782 3774 conjugibus,
800 3689 960 3757 fratribus
983 3692 1105 3758 eadem
1129 3688 1232 3756 tribu·

137 3784 169 3838 35
188 3779 278 3842 enda
294 3799 429 3845 censeo.
