<?xml version="1.0" encoding="UTF-8"?>
<!DOCTYPE html PUBLIC "-//W3C//DTD XHTML 1.0 Transitional//EN"
    "http://www.w3.org/TR/xhtml1/DTD/xhtml1-transitional.dtd">
<html xmlns="http://www.w3.org/1999/xhtml" xml:lang="en" lang="en">
 <head>
  <title>
</title>
<meta http-equiv="Content-Type" content="text/html;charset=utf-8" />
  <meta name='ocr-system' content='tesseract 3.04.00' />
  <meta name='ocr-capabilities' content='ocr_page ocr_carea ocr_par ocr_line ocrx_word'/>
</head>
<body>
  <div class='ocr_page' id='page_1' title='image "./selectorationsc00greegoog_0160.png"; bbox 0 0 2668 4262; ppageno 0'>
   <div class='ocr_carea' id='block_1_1' title="bbox 84 183 1138 275">
    <p class='ocr_par' dir='ltr' id='par_1_1' title="bbox 84 183 1138 275">
     <span class='ocr_line' id='line_1_1' title="bbox 84 183 1138 275; baseline 0.021 -37"><span class='ocrx_word' id='word_1_1' title='bbox 84 198 123 238; x_wconf 84' lang='lat' dir='ltr'>xr.</span> <span class='ocrx_word' id='word_1_2' title='bbox 140 183 199 254; x_wconf 64' lang='lat' dir='ltr'>aa]</span> <span class='ocrx_word' id='word_1_3' title='bbox 370 186 517 275; x_wconf 81' lang='lat' dir='ltr'>Appcal</span> <span class='ocrx_word' id='word_1_4' title='bbox 535 196 571 253; x_wconf 82' lang='lat' dir='ltr'>to</span> <span class='ocrx_word' id='word_1_5' title='bbox 594 187 650 252; x_wconf 80' lang='lat' dir='ltr'>the</span> <span class='ocrx_word' id='word_1_6' title='bbox 674 185 854 254; x_wconf 69' lang='lat' dir='ltr'>Saulem.</span> <span class='ocrx_word' id='word_1_7' title='bbox 1029 183 1033 192; x_wconf 76' lang='grc'><strong>’</strong></span> <span class='ocrx_word' id='word_1_8' title='bbox 1075 201 1138 267; x_wconf 83' lang='lat'>133</span> 
     </span>
    </p>
   </div>
   <div class='ocr_carea' id='block_1_2' title="bbox 79 384 1192 2874">
    <p class='ocr_par' dir='ltr' id='par_1_2' title="bbox 79 384 1192 2874">
     <span class='ocr_line' id='line_1_2' title="bbox 127 384 1138 475; baseline -0.004 -24"><span class='ocrx_word' id='word_1_9' title='bbox 127 407 180 452; x_wconf 86' lang='lat' dir='ltr'>xr.</span> <span class='ocrx_word' id='word_1_10' title='bbox 206 405 255 453; x_wconf 79' lang='lat' dir='ltr'>as.</span> <span class='ocrx_word' id='word_1_11' title='bbox 273 385 376 474; x_wconf 68' lang='lat' dir='ltr'>Quae</span> <span class='ocrx_word' id='word_1_12' title='bbox 393 410 471 455; x_wconf 92' lang='lat' dir='ltr'>cum</span> <span class='ocrx_word' id='word_1_13' title='bbox 489 389 534 453; x_wconf 89' lang='lat' dir='ltr'>ita</span> <span class='ocrx_word' id='word_1_14' title='bbox 551 389 631 463; x_wconf 84' lang='lat' dir='ltr'>sint,</span> <span class='ocrx_word' id='word_1_15' title='bbox 646 411 707 475; x_wconf 93' lang='lat' dir='ltr'>pro</span> <span class='ocrx_word' id='word_1_16' title='bbox 724 387 879 473; x_wconf 89' lang='lat' dir='ltr'>imperio,</span> <span class='ocrx_word' id='word_1_17' title='bbox 894 409 956 472; x_wconf 93' lang='lat' dir='ltr'>pro</span> <span class='ocrx_word' id='word_1_18' title='bbox 973 384 1138 454; x_wconf 81' lang='lat' dir='ltr'>exercitu.</span> 
     </span>
     <span class='ocr_line' id='line_1_3' title="bbox 82 485 1140 576; baseline -0.003 -26"><span class='ocrx_word' id='word_1_19' title='bbox 82 510 144 574; x_wconf 89' lang='lat' dir='ltr'>pro</span> <span class='ocrx_word' id='word_1_20' title='bbox 177 490 372 575; x_wconf 87' lang='lat' dir='ltr'>provincia,</span> <span class='ocrx_word' id='word_1_21' title='bbox 397 508 500 576; x_wconf 89' lang='lat' dir='ltr'>quam</span> <span class='ocrx_word' id='word_1_22' title='bbox 534 489 687 575; x_wconf 81' lang='lat' dir='ltr'>neglexi,</span> <span class='ocrx_word' id='word_1_23' title='bbox 714 509 775 574; x_wconf 94' lang='lat' dir='ltr'>pro</span> <span class='ocrx_word' id='word_1_24' title='bbox 803 488 975 572; x_wconf 90' lang='lat' dir='ltr'>triumpho</span> <span class='ocrx_word' id='word_1_25' title='bbox 1003 485 1140 552; x_wconf 86' lang='lat' dir='ltr'>ceteris·</span> 
     </span>
     <span class='ocr_line' id='line_1_4' title="bbox 82 585 1140 677; baseline -0.002 -27"><span class='ocrx_word' id='word_1_26' title='bbox 82 610 148 673; x_wconf 89' lang='lat' dir='ltr'>que</span> <span class='ocrx_word' id='word_1_27' title='bbox 171 591 288 656; x_wconf 87' lang='lat' dir='ltr'>laudis</span> <span class='ocrx_word' id='word_1_28' title='bbox 310 589 516 677; x_wconf 85' lang='lat' dir='ltr'><strong>insignibus,</strong></span> <span class='ocrx_word' id='word_1_29' title='bbox 540 611 629 676; x_wconf 88' lang='lat' dir='ltr'>quae</span> <span class='ocrx_word' id='word_1_30' title='bbox 654 601 733 653; x_wconf 88' lang='lat' dir='ltr'>sunt</span> <span class='ocrx_word' id='word_1_31' title='bbox 758 609 779 653; x_wconf 90' lang='lat' dir='ltr'>a</span> <span class='ocrx_word' id='word_1_32' title='bbox 807 609 861 652; x_wconf 94' lang='lat' dir='ltr'>me</span> <span class='ocrx_word' id='word_1_33' title='bbox 888 599 1025 673; x_wconf 88' lang='lat' dir='ltr'>propter</span> <span class='ocrx_word' id='word_1_34' title='bbox 1047 585 1140 649; x_wconf 89' lang='lat' dir='ltr'>urbis</span> 
     </span>
     <span class='ocr_line' id='line_1_5' title="bbox 81 686 1141 778; baseline -0.001 -27"><span class='ocrx_word' id='word_1_35' title='bbox 81 702 289 778; x_wconf 86' lang='lat' dir='ltr'>vestraeque</span> <span class='ocrx_word' id='word_1_36' title='bbox 314 689 433 754; x_wconf 91' lang='lat' dir='ltr'>salutis</span> <span class='ocrx_word' id='word_1_37' title='bbox 459 690 648 754; x_wconf 84' lang='lat' dir='ltr'><strong>custodiam</strong></span> <span class='ocrx_word' id='word_1_38' title='bbox 677 688 868 773; x_wconf 89' lang='lat' dir='ltr'>repudiata,</span> <span class='ocrx_word' id='word_1_39' title='bbox 891 709 953 772; x_wconf 92' lang='lat' dir='ltr'>pro</span> <span class='ocrx_word' id='word_1_40' title='bbox 974 686 1141 752; x_wconf 82' lang='lat' dir='ltr'><strong>clientelis</strong></span> 
     </span>
     <span class='ocr_line' id='line_1_6' title="bbox 81 785 1192 877; baseline 0 -27"><span class='ocrx_word' id='word_1_41' title='bbox 81 789 311 877; x_wconf 86' lang='lat' dir='ltr'>hospitiisque</span> <span class='ocrx_word' id='word_1_42' title='bbox 328 789 610 876; x_wconf 86' lang='lat' dir='ltr'>provincialibus,</span> <span class='ocrx_word' id='word_1_43' title='bbox 625 810 714 875; x_wconf 89' lang='lat' dir='ltr'>quae</span> <span class='ocrx_word' id='word_1_44' title='bbox 731 800 845 851; x_wconf 83' lang='lat' dir='ltr'>tamen</span> <span class='ocrx_word' id='word_1_45' title='bbox 863 787 1002 851; x_wconf 88' lang='lat' dir='ltr'>urbanis</span> <span class='ocrx_word' id='word_1_46' title='bbox 1016 785 1141 870; x_wconf 89' lang='lat' dir='ltr'>opibus</span> <span class='ocrx_word' id='word_1_47' title='bbox 1175 812 1192 870; x_wconf 69' lang='grc' dir='ltr'>Ι</span> 
     </span>
     <span class='ocr_line' id='line_1_7' title="bbox 81 886 1142 975; baseline -0.002 -23"><span class='ocrx_word' id='word_1_48' title='bbox 81 909 150 952; x_wconf 91' lang='lat' dir='ltr'>non</span> <span class='ocrx_word' id='word_1_49' title='bbox 169 891 307 955; x_wconf 85' lang='lat' dir='ltr'>minore</span> <span class='ocrx_word' id='word_1_50' title='bbox 324 891 440 955; x_wconf 90' lang='lat' dir='ltr'>labore</span> <span class='ocrx_word' id='word_1_51' title='bbox 458 901 553 954; x_wconf 89' lang='lat' dir='ltr'>tueor</span> <span class='ocrx_word' id='word_1_52' title='bbox 568 907 672 975; x_wconf 87' lang='lat' dir='ltr'>quum</span> <span class='ocrx_word' id='word_1_53' title='bbox 696 908 872 971; x_wconf 85' lang='lat' dir='ltr'>compam,</span> <span class='ocrx_word' id='word_1_54' title='bbox 890 909 952 971; x_wconf 91' lang='lat' dir='ltr'>pro</span> <span class='ocrx_word' id='word_1_55' title='bbox 970 886 1022 951; x_wconf 82' lang='lat' dir='ltr'>nis</span> <span class='ocrx_word' id='word_1_56' title='bbox 1038 886 1142 973; x_wconf 82' lang='lat' dir='ltr'>igitur</span> 
     </span>
     <span class='ocr_line' id='line_1_8' title="bbox 79 986 1140 1074; baseline -0.001 -24"><span class='ocrx_word' id='word_1_57' title='bbox 79 990 246 1055; x_wconf 89' lang='lat' dir='ltr'>omnibus</span> <span class='ocrx_word' id='word_1_58' title='bbox 271 990 386 1064; x_wconf 91' lang='lat' dir='ltr'>rebus,</span> <span class='ocrx_word' id='word_1_59' title='bbox 412 1010 473 1074; x_wconf 90' lang='lat' dir='ltr'>pro</span> <span class='ocrx_word' id='word_1_60' title='bbox 500 988 585 1052; x_wconf 87' lang='lat' dir='ltr'>meis</span> <span class='ocrx_word' id='word_1_61' title='bbox 611 990 645 1051; x_wconf 92' lang='lat' dir='ltr'>in</span> <span class='ocrx_word' id='word_1_62' title='bbox 662 1009 723 1053; x_wconf 93' lang='lat' dir='ltr'>vos</span> <span class='ocrx_word' id='word_1_63' title='bbox 750 986 982 1074; x_wconf 82' lang='lat' dir='ltr'>singularibus</span> <span class='ocrx_word' id='word_1_64' title='bbox 1007 987 1140 1062; x_wconf 90' lang='lat' dir='ltr'>studiis,</span> 
     </span>
     <span class='ocr_line' id='line_1_9' title="bbox 81 1087 1141 1176; baseline 0.001 -26"><span class='ocrx_word' id='word_1_65' title='bbox 81 1109 215 1174; x_wconf 84' lang='lat' dir='ltr'>proque</span> <span class='ocrx_word' id='word_1_66' title='bbox 244 1091 312 1154; x_wconf 86' lang='lat' dir='ltr'>lrac</span> <span class='ocrx_word' id='word_1_67' title='bbox 343 1111 446 1176; x_wconf 87' lang='lat' dir='ltr'>quam</span> <span class='ocrx_word' id='word_1_68' title='bbox 472 1087 663 1174; x_wconf 89' lang='lat' dir='ltr'>perspicitis</span> <span class='ocrx_word' id='word_1_69' title='bbox 695 1087 739 1151; x_wconf 90' lang='lat' dir='ltr'>ad</span> <span class='ocrx_word' id='word_1_70' title='bbox 768 1087 1041 1152; x_wconf 84' lang='lat' dir='ltr'>conservandam</span> <span class='ocrx_word' id='word_1_71' title='bbox 1069 1107 1141 1151; x_wconf 91' lang='lat' dir='ltr'>rem</span> 
     </span>
     <span class='ocr_line' id='line_1_10' title="bbox 81 1187 1142 1278; baseline 0.004 -28"><span class='ocrx_word' id='word_1_72' title='bbox 81 1189 263 1272; x_wconf 86' lang='lat' dir='ltr'>publicam</span> <span class='ocrx_word' id='word_1_73' title='bbox 288 1189 478 1278; x_wconf 86' lang='lat' dir='ltr'>diligentia,</span> <span class='ocrx_word' id='word_1_74' title='bbox 498 1189 581 1253; x_wconf 85' lang='lat' dir='ltr'>nihil</span> <span class='ocrx_word' id='word_1_75' title='bbox 606 1189 739 1254; x_wconf 85' lang='lat' dir='ltr'>avobis</span> <span class='ocrx_word' id='word_1_76' title='bbox 764 1187 828 1252; x_wconf 91' lang='lat' dir='ltr'>nisi</span> <span class='ocrx_word' id='word_1_77' title='bbox 854 1187 955 1276; x_wconf 90' lang='lat' dir='ltr'>hujus</span> <span class='ocrx_word' id='word_1_78' title='bbox 979 1187 1142 1274; x_wconf 90' lang='lat' dir='ltr'>temporis</span> 
     </span>
     <span class='ocr_line' id='line_1_11' title="bbox 81 1288 1190 1376; baseline 0.002 -26"><span class='ocrx_word' id='word_1_79' title='bbox 81 1288 257 1376; x_wconf 91' lang='lat' dir='ltr'>totiusque</span> <span class='ocrx_word' id='word_1_80' title='bbox 271 1290 338 1354; x_wconf 91' lang='lat' dir='ltr'>mei</span> <span class='ocrx_word' id='word_1_81' title='bbox 355 1291 550 1355; x_wconf 89' lang='lat' dir='ltr'>consulatus</span> <span class='ocrx_word' id='word_1_82' title='bbox 568 1289 767 1354; x_wconf 84' lang='lat' dir='ltr'>memoriam</span> <span class='ocrx_word' id='word_1_83' title='bbox 786 1289 940 1374; x_wconf 86' lang='lat' dir='ltr'>postulo:</span> <span class='ocrx_word' id='word_1_84' title='bbox 957 1309 1046 1376; x_wconf 88' lang='lat' dir='ltr'>quae</span> <span class='ocrx_word' id='word_1_85' title='bbox 1060 1289 1141 1354; x_wconf 91' lang='lat' dir='ltr'>dum</span> <span class='ocrx_word' id='word_1_86' title='bbox 1159 1315 1190 1352; x_wconf 77' lang='grc' dir='ltr'>ιο</span> 
     </span>
     <span class='ocr_line' id='line_1_12' title="bbox 81 1388 1141 1474; baseline 0.003 -23"><span class='ocrx_word' id='word_1_87' title='bbox 81 1388 145 1452; x_wconf 89' lang='lat' dir='ltr'>erit</span> <span class='ocrx_word' id='word_1_88' title='bbox 161 1391 288 1456; x_wconf 87' lang='lat' dir='ltr'>vestris</span> <span class='ocrx_word' id='word_1_89' title='bbox 313 1391 382 1454; x_wconf 88' lang='lat' dir='ltr'>fixa</span> <span class='ocrx_word' id='word_1_90' title='bbox 407 1390 589 1460; x_wconf 87' lang='lat' dir='ltr'>mentibus,</span> <span class='ocrx_word' id='word_1_91' title='bbox 608 1389 777 1456; x_wconf 90' lang='lat' dir='ltr'>tutissimo</span> <span class='ocrx_word' id='word_1_92' title='bbox 800 1411 855 1453; x_wconf 92' lang='lat' dir='ltr'>me</span> <span class='ocrx_word' id='word_1_93' title='bbox 873 1410 969 1453; x_wconf 92' lang='lat' dir='ltr'>muro</span> <span class='ocrx_word' id='word_1_94' title='bbox 986 1402 1141 1474; x_wconf 88' lang='lat' dir='ltr'>saeptum</span> 
     </span>
     <span class='ocr_line' id='line_1_13' title="bbox 82 1488 1141 1574; baseline 0.003 -23"><span class='ocrx_word' id='word_1_95' title='bbox 82 1509 158 1553; x_wconf 89' lang='lat' dir='ltr'>esse</span> <span class='ocrx_word' id='word_1_96' title='bbox 177 1491 382 1556; x_wconf 86' lang='lat' dir='ltr'>arbitrabor.</span> <span class='ocrx_word' id='word_1_97' title='bbox 429 1488 534 1574; x_wconf 79' lang='lat' dir='ltr'>Qrod</span> <span class='ocrx_word' id='word_1_98' title='bbox 551 1490 579 1555; x_wconf 93' lang='lat' dir='ltr'>si</span> <span class='ocrx_word' id='word_1_99' title='bbox 597 1512 708 1554; x_wconf 89' lang='lat' dir='ltr'>meam</span> <span class='ocrx_word' id='word_1_100' title='bbox 727 1511 824 1574; x_wconf 91' lang='lat' dir='ltr'>spem</span> <span class='ocrx_word' id='word_1_101' title='bbox 841 1489 893 1554; x_wconf 90' lang='lat' dir='ltr'>vis</span> <span class='ocrx_word' id='word_1_102' title='bbox 909 1490 1141 1574; x_wconf 83' lang='lat' dir='ltr'>improborum</span> 
     </span>
     <span class='ocr_line' id='line_1_14' title="bbox 82 1586 1141 1678; baseline 0.004 -28"><span class='ocrx_word' id='word_1_103' title='bbox 82 1586 245 1656; x_wconf 79' lang='lat' dir='ltr'>fefellerit</span> <span class='ocrx_word' id='word_1_104' title='bbox 269 1604 371 1678; x_wconf 88' lang='lat' dir='ltr'>atque</span> <span class='ocrx_word' id='word_1_105' title='bbox 398 1591 848 1676; x_wconf 81' lang='lat' dir='ltr'>superaverit,commendo</span> <span class='ocrx_word' id='word_1_106' title='bbox 873 1590 970 1656; x_wconf 91' lang='lat' dir='ltr'>vobis</span> <span class='ocrx_word' id='word_1_107' title='bbox 997 1611 1141 1674; x_wconf 89' lang='lat' dir='ltr'>parvum</span> 
     </span>
     <span class='ocr_line' id='line_1_15' title="bbox 83 1689 1142 1775; baseline 0.003 -24"><span class='ocrx_word' id='word_1_108' title='bbox 83 1709 202 1753; x_wconf 91' lang='lat' dir='ltr'>meum</span> <span class='ocrx_word' id='word_1_109' title='bbox 221 1691 343 1765; x_wconf 84' lang='lat' dir='ltr'>filium,</span> <span class='ocrx_word' id='word_1_110' title='bbox 362 1691 417 1756; x_wconf 90' lang='lat' dir='ltr'>cui</span> <span class='ocrx_word' id='word_1_111' title='bbox 435 1689 585 1775; x_wconf 90' lang='lat' dir='ltr'>profecto</span> <span class='ocrx_word' id='word_1_112' title='bbox 602 1691 684 1754; x_wconf 86' lang='lat' dir='ltr'>satis</span> <span class='ocrx_word' id='word_1_113' title='bbox 701 1690 763 1754; x_wconf 91' lang='lat' dir='ltr'>erit</span> <span class='ocrx_word' id='word_1_114' title='bbox 781 1690 928 1774; x_wconf 80' lang='lat' dir='ltr'>praesidi</span> <span class='ocrx_word' id='word_1_115' title='bbox 947 1711 1014 1755; x_wconf 93' lang='lat' dir='ltr'>non</span> <span class='ocrx_word' id='word_1_116' title='bbox 1031 1690 1142 1754; x_wconf 91' lang='lat' dir='ltr'>solum</span> 
     </span>
     <span class='ocr_line' id='line_1_16' title="bbox 82 1789 1189 1878; baseline -0.003 -27"><span class='ocrx_word' id='word_1_117' title='bbox 82 1790 127 1852; x_wconf 87' lang='lat' dir='ltr'>ad</span> <span class='ocrx_word' id='word_1_118' title='bbox 153 1792 319 1864; x_wconf 87' lang='lat' dir='ltr'>salutem,</span> <span class='ocrx_word' id='word_1_119' title='bbox 337 1811 456 1854; x_wconf 88' lang='lat' dir='ltr'>verum</span> <span class='ocrx_word' id='word_1_120' title='bbox 480 1791 583 1854; x_wconf 87' lang='lat' dir='ltr'>etiam</span> <span class='ocrx_word' id='word_1_121' title='bbox 611 1791 655 1855; x_wconf 87' lang='lat' dir='ltr'>ad</span> <span class='ocrx_word' id='word_1_122' title='bbox 681 1791 898 1878; x_wconf 83' lang='lat' dir='ltr'>dignitatern,</span> <span class='ocrx_word' id='word_1_123' title='bbox 924 1791 952 1855; x_wconf 92' lang='lat' dir='ltr'>si</span> <span class='ocrx_word' id='word_1_124' title='bbox 978 1789 1189 1877; x_wconf 70' lang='lat' dir='ltr'>ejuS,qui13</span> 
     </span>
     <span class='ocr_line' id='line_1_17' title="bbox 83 1888 1143 1975; baseline 0.004 -25"><span class='ocrx_word' id='word_1_125' title='bbox 83 1888 305 1955; x_wconf 86' lang='lat' dir='ltr'>haecomnia</span> <span class='ocrx_word' id='word_1_126' title='bbox 319 1913 380 1955; x_wconf 92' lang='lat' dir='ltr'>suo</span> <span class='ocrx_word' id='word_1_127' title='bbox 397 1891 501 1955; x_wconf 89' lang='lat' dir='ltr'>solius</span> <span class='ocrx_word' id='word_1_128' title='bbox 515 1891 668 1975; x_wconf 89' lang='lat' dir='ltr'>periculo</span> <span class='ocrx_word' id='word_1_129' title='bbox 685 1891 908 1964; x_wconf 89' lang='lat' dir='ltr'>conservarit,</span> <span class='ocrx_word' id='word_1_130' title='bbox 920 1890 1016 1954; x_wconf 91' lang='lat' dir='ltr'>illum</span> <span class='ocrx_word' id='word_1_131' title='bbox 1035 1890 1143 1954; x_wconf 88' lang='lat' dir='ltr'>filium</span> 
     </span>
     <span class='ocr_line' id='line_1_18' title="bbox 83 1988 1143 2076; baseline 0.002 -24"><span class='ocrx_word' id='word_1_132' title='bbox 83 2008 160 2054; x_wconf 88' lang='lat' dir='ltr'>esse</span> <span class='ocrx_word' id='word_1_133' title='bbox 190 1990 425 2055; x_wconf 79' lang='lat' dir='ltr'>memineritis.</span> <span class='ocrx_word' id='word_1_134' title='bbox 472 2007 521 2054; x_wconf 76' lang='lat'>24.</span> <span class='ocrx_word' id='word_1_135' title='bbox 555 1988 776 2076; x_wconf 72' lang='lat' dir='ltr'>Quapropter</span> <span class='ocrx_word' id='word_1_136' title='bbox 802 1991 845 2055; x_wconf 91' lang='lat' dir='ltr'>de</span> <span class='ocrx_word' id='word_1_137' title='bbox 873 2011 1008 2054; x_wconf 88' lang='lat' dir='ltr'>summa</span> <span class='ocrx_word' id='word_1_138' title='bbox 1033 1990 1143 2054; x_wconf 88' lang='lat' dir='ltr'>salute</span> 
     </span>
     <span class='ocr_line' id='line_1_19' title="bbox 82 2090 1144 2179; baseline 0.004 -29"><span class='ocrx_word' id='word_1_139' title='bbox 82 2102 199 2156; x_wconf 86' lang='lat' dir='ltr'>vestra</span> <span class='ocrx_word' id='word_1_140' title='bbox 233 2090 417 2176; x_wconf 90' lang='lat' dir='ltr'>populique</span> <span class='ocrx_word' id='word_1_141' title='bbox 451 2090 615 2162; x_wconf 90' lang='lat' dir='ltr'>Romani,</span> <span class='ocrx_word' id='word_1_142' title='bbox 646 2092 689 2155; x_wconf 89' lang='lat' dir='ltr'>de</span> <span class='ocrx_word' id='word_1_143' title='bbox 717 2090 835 2156; x_wconf 88' lang='lat' dir='ltr'>vestris</span> <span class='ocrx_word' id='word_1_144' title='bbox 868 2090 1074 2179; x_wconf 83' lang='lat' dir='ltr'>conjugibus</span> <span class='ocrx_word' id='word_1_145' title='bbox 1101 2109 1144 2154; x_wconf 89' lang='lat' dir='ltr'>ac</span> 
     </span>
     <span class='ocr_line' id='line_1_20' title="bbox 83 2187 1143 2276; baseline 0.003 -27"><span class='ocrx_word' id='word_1_146' title='bbox 83 2187 217 2263; x_wconf 87' lang='lat' dir='ltr'>liberis,</span> <span class='ocrx_word' id='word_1_147' title='bbox 246 2191 288 2254; x_wconf 92' lang='lat' dir='ltr'>de</span> <span class='ocrx_word' id='word_1_148' title='bbox 317 2191 384 2254; x_wconf 86' lang='lat' dir='ltr'>aris</span> <span class='ocrx_word' id='word_1_149' title='bbox 412 2211 454 2254; x_wconf 82' lang='lat' dir='ltr'>ae</span> <span class='ocrx_word' id='word_1_150' title='bbox 481 2189 578 2260; x_wconf 87' lang='lat' dir='ltr'>focis,</span> <span class='ocrx_word' id='word_1_151' title='bbox 608 2191 652 2254; x_wconf 89' lang='lat' dir='ltr'>de</span> <span class='ocrx_word' id='word_1_152' title='bbox 681 2191 769 2254; x_wconf 86' lang='lat' dir='ltr'>fanis</span> <span class='ocrx_word' id='word_1_153' title='bbox 798 2204 899 2276; x_wconf 89' lang='lat' dir='ltr'>atque</span> <span class='ocrx_word' id='word_1_154' title='bbox 928 2190 1076 2275; x_wconf 79' lang='lat' dir='ltr'>templiS,</span> <span class='ocrx_word' id='word_1_155' title='bbox 1099 2189 1143 2254; x_wconf 90' lang='lat' dir='ltr'>de</span> 
     </span>
     <span class='ocr_line' id='line_1_21' title="bbox 84 2288 1191 2374; baseline -0.001 -23"><span class='ocrx_word' id='word_1_156' title='bbox 84 2288 185 2354; x_wconf 88' lang='lat' dir='ltr'>totius</span> <span class='ocrx_word' id='word_1_157' title='bbox 214 2290 307 2354; x_wconf 92' lang='lat' dir='ltr'>urbis</span> <span class='ocrx_word' id='word_1_158' title='bbox 333 2290 429 2354; x_wconf 85' lang='lat' dir='ltr'>tectis</span> <span class='ocrx_word' id='word_1_159' title='bbox 455 2311 497 2353; x_wconf 89' lang='lat' dir='ltr'>ac</span> <span class='ocrx_word' id='word_1_160' title='bbox 522 2290 674 2360; x_wconf 84' lang='lat' dir='ltr'>sedibus,</span> <span class='ocrx_word' id='word_1_161' title='bbox 693 2291 736 2354; x_wconf 90' lang='lat' dir='ltr'>de</span> <span class='ocrx_word' id='word_1_162' title='bbox 753 2290 897 2374; x_wconf 88' lang='lat' dir='ltr'>imperio</span> <span class='ocrx_word' id='word_1_163' title='bbox 914 2311 956 2354; x_wconf 90' lang='lat' dir='ltr'>ac</span> <span class='ocrx_word' id='word_1_164' title='bbox 973 2290 1141 2362; x_wconf 90' lang='lat' dir='ltr'>libertate,</span> <span class='ocrx_word' id='word_1_165' title='bbox 1159 2311 1191 2350; x_wconf 73' lang='grc' dir='ltr'>κ</span> 
     </span>
     <span class='ocr_line' id='line_1_22' title="bbox 84 2389 1144 2474; baseline 0.002 -24"><span class='ocrx_word' id='word_1_166' title='bbox 84 2389 127 2452; x_wconf 88' lang='lat' dir='ltr'>de</span> <span class='ocrx_word' id='word_1_167' title='bbox 144 2392 257 2454; x_wconf 87' lang='lat' dir='ltr'>salute</span> <span class='ocrx_word' id='word_1_168' title='bbox 272 2389 403 2463; x_wconf 87' lang='lat' dir='ltr'>Italiae,</span> <span class='ocrx_word' id='word_1_169' title='bbox 418 2391 462 2454; x_wconf 90' lang='lat' dir='ltr'>de</span> <span class='ocrx_word' id='word_1_170' title='bbox 479 2390 640 2454; x_wconf 89' lang='lat' dir='ltr'>universa</span> <span class='ocrx_word' id='word_1_171' title='bbox 657 2412 693 2454; x_wconf 92' lang='lat' dir='ltr'>re</span> <span class='ocrx_word' id='word_1_172' title='bbox 711 2390 862 2474; x_wconf 90' lang='lat' dir='ltr'>publica,</span> <span class='ocrx_word' id='word_1_173' title='bbox 877 2390 1049 2454; x_wconf 87' lang='lat' dir='ltr'>decernite</span> <span class='ocrx_word' id='word_1_174' title='bbox 1066 2389 1144 2454; x_wconf 91' lang='lat' dir='ltr'>dili·</span> 
     </span>
     <span class='ocr_line' id='line_1_23' title="bbox 84 2489 1143 2573; baseline 0 -21"><span class='ocrx_word' id='word_1_175' title='bbox 84 2504 222 2573; x_wconf 81' lang='lat' dir='ltr'>genter,</span> <span class='ocrx_word' id='word_1_176' title='bbox 240 2501 277 2554; x_wconf 92' lang='lat' dir='ltr'>ut</span> <span class='ocrx_word' id='word_1_177' title='bbox 297 2489 499 2564; x_wconf 88' lang='lat' dir='ltr'>instituistis,</span> <span class='ocrx_word' id='word_1_178' title='bbox 519 2501 561 2554; x_wconf 80' lang='lat' dir='ltr'>a&#39;c</span> <span class='ocrx_word' id='word_1_179' title='bbox 587 2491 727 2554; x_wconf 88' lang='lat' dir='ltr'>fortiter.</span> <span class='ocrx_word' id='word_1_180' title='bbox 789 2489 934 2554; x_wconf 88' lang='lat' dir='ltr'>Habetis</span> <span class='ocrx_word' id='word_1_181' title='bbox 958 2511 1038 2554; x_wconf 89' lang='lat' dir='ltr'>eum</span> <span class='ocrx_word' id='word_1_182' title='bbox 1060 2510 1143 2554; x_wconf 92' lang='lat' dir='ltr'>con-</span> 
     </span>
     <span class='ocr_line' id='line_1_24' title="bbox 84 2589 1144 2676; baseline 0.002 -26"><span class='ocrx_word' id='word_1_183' title='bbox 84 2590 197 2654; x_wconf 89' lang='lat' dir='ltr'>sulem</span> <span class='ocrx_word' id='word_1_184' title='bbox 215 2590 273 2676; x_wconf 92' lang='lat' dir='ltr'>qui</span> <span class='ocrx_word' id='word_1_185' title='bbox 290 2601 324 2653; x_wconf 93' lang='lat' dir='ltr'>et</span> <span class='ocrx_word' id='word_1_186' title='bbox 340 2611 460 2674; x_wconf 89' lang='lat' dir='ltr'>parere</span> <span class='ocrx_word' id='word_1_187' title='bbox 479 2589 599 2654; x_wconf 90' lang='lat' dir='ltr'>vestris</span> <span class='ocrx_word' id='word_1_188' title='bbox 627 2589 773 2654; x_wconf 87' lang='lat' dir='ltr'>decretis</span> <span class='ocrx_word' id='word_1_189' title='bbox 801 2611 869 2653; x_wconf 92' lang='lat' dir='ltr'>non</span> <span class='ocrx_word' id='word_1_190' title='bbox 893 2589 1034 2662; x_wconf 92' lang='lat' dir='ltr'>dubitet,</span> <span class='ocrx_word' id='word_1_191' title='bbox 1053 2600 1086 2652; x_wconf 90' lang='lat' dir='ltr'>et</span> <span class='ocrx_word' id='word_1_192' title='bbox 1102 2609 1144 2652; x_wconf 90' lang='lat' dir='ltr'>ea</span> 
     </span>
     <span class='ocr_line' id='line_1_25' title="bbox 86 2687 1145 2776; baseline 0.003 -26"><span class='ocrx_word' id='word_1_193' title='bbox 86 2708 175 2772; x_wconf 89' lang='lat' dir='ltr'>qnae</span> <span class='ocrx_word' id='word_1_194' title='bbox 195 2689 388 2761; x_wconf 90' lang='lat' dir='ltr'>statueritis,</span> <span class='ocrx_word' id='word_1_195' title='bbox 404 2689 518 2776; x_wconf 87' lang='lat' dir='ltr'>quoad</span> <span class='ocrx_word' id='word_1_196' title='bbox 531 2689 636 2766; x_wconf 89' lang='lat' dir='ltr'>vivet,</span> <span class='ocrx_word' id='word_1_197' title='bbox 649 2687 834 2754; x_wconf 83' lang='lat' dir='ltr'>defendere</span> <span class='ocrx_word' id='word_1_198' title='bbox 851 2701 885 2754; x_wconf 92' lang='lat' dir='ltr'>et</span> <span class='ocrx_word' id='word_1_199' title='bbox 899 2710 1014 2776; x_wconf 89' lang='lat' dir='ltr'>perse</span> <span class='ocrx_word' id='word_1_200' title='bbox 1031 2689 1145 2775; x_wconf 88' lang='lat' dir='ltr'>ipsum</span> 
     </span>
     <span class='ocr_line' id='line_1_26' title="bbox 87 2787 1189 2874; baseline -0.002 -23"><span class='ocrx_word' id='word_1_201' title='bbox 87 2803 263 2870; x_wconf 85' lang='lat' dir='ltr'>praestare</span> <span class='ocrx_word' id='word_1_202' title='bbox 286 2787 405 2874; x_wconf 86' lang='lat' dir='ltr'>possit.</span> <span class='ocrx_word' id='word_1_203' title='bbox 1159 2811 1189 2866; x_wconf 77' lang='lat'>¹1</span> 
     </span>
    </p>
   </div>
   <div class='ocr_carea' id='block_1_3' title="bbox 398 2889 946 3146">
    <p class='ocr_par' dir='ltr' id='par_1_3' title="bbox 398 2889 946 3146">
     <span class='ocr_line' id='line_1_27' title="bbox 398 2889 946 3146; baseline 0.005 -130"><span class='ocrx_word' id='word_1_204' title='bbox 398 2889 643 3146; x_wconf 49' lang='lat' dir='ltr'>im?</span> <span class='ocrx_word' id='word_1_205' title='bbox 676 2897 755 3075; x_wconf 57' lang='lat' dir='ltr'>pl:</span> <span class='ocrx_word' id='word_1_206' title='bbox 807 2905 946 3019; x_wconf 62' lang='lat' dir='ltr'>trit&lt;</span> 
     </span>
    </p>
   </div>
   <div class='ocr_carea' id='block_1_4' title="bbox 0 0 1340 4262">
    <p class='ocr_par' dir='ltr' id='par_1_4' title="bbox 0 0 1340 4262">
     <span class='ocr_line' id='line_1_28' title="bbox 0 0 1340 4262; baseline 0 0"><span class='ocrx_word' id='word_1_207' title='bbox 0 0 1340 4262; x_wconf 95' lang='lat' dir='ltr'> </span> 
     </span>
    </p>
   </div>
  </div>
 </body>
</html>
