2668 4262
184 115 248 182 186
470 208 477 232 ,
533 117 691 205 Defince
715 123 763 206 ‘ff
775 119 880 186 Μίίο.
1129 116 1234 188 [Mna

179 316 331 394 beluam,
360 318 468 408 judici
507 319 649 406 laqueos
681 320 923 396 declinantem,
952 319 1024 408 jam
1065 319 1235 388 inretitam

180 429 322 492 teneret,
341 419 398 505 qui
427 420 534 495 locus,
553 421 645 504 quod
672 432 807 504 tempus
833 421 929 494 illud,
948 421 982 485 di
1010 421 1234 495 immortales,

181 517 262 580 suit!
299 540 377 582 cum
403 541 440 582 se
469 521 525 582 ille
551 519 688 605 fugiens
713 521 747 583 in
771 521 942 584 scalarum
966 524 1118 588 tenebris
1143 525 1237 588 abdi-

180 619 297 689 disset,
327 640 490 704 magnum
531 618 655 682 Miloni
687 619 748 683 suit
780 621 949 686 conficere
981 623 1074 687 illam
1105 637 1236 708 pestem

128 746 143 802 5
180 719 274 781 nulla
307 741 367 781 sua
401 719 541 792 invidia,
570 718 621 782 Μ.
651 741 732 784 vero
759 718 888 785 Antoni
918 724 1069 787 maxima
1103 723 1237 810 gloria?

179 833 220 880 41.
246 815 363 901 Quid?
395 817 539 882 comitiis
567 817 601 882 in
634 839 757 904 campo
791 822 948 908 quotiens
981 836 1132 910 potestas
1156 823 1238 888 suitl

144 1005 147 1012 Ι
180 939 258 982 cum
294 919 351 982 ille
391 917 426 981 in
458 929 575 1002 saepta
615 919 749 995 ruisset,
784 923 919 1010 gladios
959 924 1237 1012 destringendos

180 1018 312 1103 lapides
325 1017 505 1104 jaciendos
516 1018 724 1094 curavisset3
750 1022 829 1087 dein
847 1024 971 1098 subito,
986 1025 1077 1089 voltu
1091 1023 1239 1089 Milonis

181 1119 389 1203 perterritus,
405 1117 539 1207 fugeret
555 1120 599 1184 ad
616 1119 784 1197 Tiberim,
803 1145 863 1188 vos
880 1136 912 1188 et
928 1146 1047 1188 omnes
1059 1124 1141 1189 boni
1161 1136 1238 1189 vota

130 1253 163 1292 10
180 1219 349 1293 faceretis,
368 1232 404 1283 ut
421 1218 545 1284 Miloni
562 1221 609 1284 uti
627 1223 749 1286 virtute
766 1245 827 1287 sua
845 1223 975 1288 liberet.

224 1341 302 1385 xvr.
368 1343 445 1386 uem
463 1322 567 1408 igitur
587 1343 665 1387 cum
691 1325 841 1387 omnium
868 1324 980 1410 gratia
1005 1323 1123 1399 noluit,
1143 1325 1238 1388 hunc

179 1422 284 1486 voluit
302 1443 380 1487 curn
398 1424 589 1509 aliquorum
607 1423 783 1509 querella?
805 1446 905 1510 quem
919 1425 1009 1513 jure,
1024 1447 1127 1511 quem
1145 1426 1237 1500 locu,

180 1543 282 1606 quem
314 1537 480 1608 tempore,
510 1546 612 1609 quem
644 1525 784 1610 impune
817 1547 883 1588 non
916 1537 967 1588 est
999 1545 1115 1600 ausuS,
1144 1525 1238 1590 hunc

180 1621 316 1709 injuria,
340 1623 457 1710 iniquo
483 1625 571 1700 loco,
597 1625 708 1688 alieno
734 1635 898 1711 tempore,
923 1625 1074 1709 periculo
1098 1625 1237 1710 capitis,

129 1741 159 1798 ¹5
182 1744 249 1786 non
281 1723 448 1788 dubitavit
478 1724 673 1789 occidere?·
690 1742 737 1790 42.
761 1724 974 1810 praesertim,
989 1724 1137 1813 judiceS,
1159 1747 1237 1790 cum

181 1823 319 1888 honoris
337 1825 540 1909 amplissimi
558 1826 727 1890 contentio
744 1837 777 1889 et
795 1825 867 1889 dies
885 1824 1096 1890 comitiorum
1117 1826 1240 1890 subes-

180 1936 243 1996 set,
262 1947 330 2010 quo
347 1927 483 2011 quidem
503 1925 790 2010 tempore—scio
807 1925 898 1989 enim
923 1945 1026 2011 quam
1049 1923 1174 1988 timida
1200 1925 1239 1989 sit

181 2026 333 2098 ambitio,
352 2038 547 2111 quantaque
565 2039 597 2088 et
613 2046 715 2112 quam
735 2024 878 2089 sollicita
896 2025 937 2089 sit
961 2023 1129 2109 cupiditas
1156 2047 1239 2090 con-

180 2125 506 2198 sulatus—omnia,
537 2147 605 2190 non
638 2126 739 2190 modo
764 2145 852 2210 quae
880 2124 1084 2209 reprehendi
1106 2125 1237 2211 palam,

125 2236 160 2276 ²0
180 2225 240 2289 sed
273 2225 375 2290 etiam
408 2227 552 2290 obscure
584 2247 673 2310 quae
705 2225 847 2312 cogitari
879 2235 1020 2309 possunt
1059 2223 1236 2298 timemus

180 2347 365 2400 rumorem,
384 2327 536 2390 fabulam
560 2327 688 2399 fictam,
707 2326 817 2390 levem
842 2323 1147 2410 perhorrescimus,
1177 2346 1237 2390 ora
1308 2353 1309 2408 3

179 2427 331 2490 omniurn
373 2441 474 2514 atque
513 2428 630 2491 oculos
671 2426 851 2490 intuemur.
916 2423 1012 2488 Nihil
1052 2436 1103 2489 est
1142 2427 1236 2489 enim
1308 2461 1309 2518 ᾗ

179 2540 247 2590 tam
281 2530 397 2603 molle,
428 2541 495 2592 tam
525 2539 693 2600 tenerum,
724 2538 792 2591 tarn
820 2537 877 2590 aut
904 2523 1026 2613 fragile
1052 2535 1109 2588 aut
1137 2524 1238 2590 flexi·
1308 2525 1309 2602 J

179 2627 259 2701 bile,
298 2650 401 2716 quam
443 2631 600 2693 voluntas
642 2648 726 2714 erga
767 2648 829 2690 nos
866 2645 1053 2710 sensusque
1090 2624 1234 2700 civium,

124 2732 157 2788 25
179 2728 234 2812 qui
265 2750 331 2792 non
365 2729 466 2793 modo
499 2728 702 2813 improbitati
735 2727 925 2790 irascuntur
957 2725 1234 2794 candidatorum,

179 2829 239 2892 sed
267 2831 369 2892 etiarn
398 2829 430 2892 in
457 2842 546 2893 recte
571 2828 669 2892 factis
693 2848 797 2912 saepe
821 2825 1007 2888 fastidiunt.
1056 2837 1101 2884 43.
1128 2823 1236 2890 Hunc

178 2927 281 3012 igitur
296 2929 397 2993 diem¹
414 2929 525 3013 campi
544 2942 714 3012 speratum
734 2940 834 3013 atque
852 2935 1048 3010 exoptatum
1066 2923 1130 2988 sibi
1155 2947 1235 3009 pro-

177 3048 309 3110 ponens
331 3027 431 3102 Milo,
450 3029 598 3093 cruentis
622 3029 779 3092 manibus
800 3026 913 3091 scelus
936 3035 968 3088 et
988 3024 1121 3088 facinus
1148 3047 1233 3109 prae

177 3148 214 3190 se
246 3127 358 3192 serens
390 3140 422 3191 et
453 3128 630 3202 confitens,
650 3128 693 3192 ad
727 3128 785 3191 illa
819 3137 965 3212 augusta
998 3124 1231 3189 centuriarum

123 3230 160 3286 30
177 3226 330 3310 auspicia
347 3226 526 3292 veniebat?
574 3225 690 3311 Qam
712 3228 778 3292 hoc
801 3248 870 3291 non
895 3224 1058 3290 credibile
1082 3223 1117 3288 in
1142 3223 1229 3290 hoel

176 3346 279 3409 quam
312 3326 402 3391 idem
430 3327 466 3390 in
491 3325 615 3392 Clodio
646 3348 714 3390 non
743 3325 982 3400 dubitandum,
1008 3345 1086 3388 cum
1110 3345 1148 3388 se
1171 3324 1229 3389 ille

176 3425 351 3490 interfecto
376 3425 508 3491 Milone
532 3439 753 3512 regnaturum
783 3424 937 3512 putaretl
986 3422 1103 3510 Quid?
1121 3425 1227 3513 (quod

176 3536 279 3609 caput
298 3537 347 3590 est
368 3525 587 3612 [audaciae],
613 3521 764 3612 judices)
779 3515 855 3612 quis
881 3525 1015 3614 ignorat
1041 3523 1225 3589 maximam

176 3623 382 3687 inlecebram
408 3647 483 3688 esse
508 3625 674 3708 peccandi
691 3625 901 3708 impunitatis
921 3623 1040 3710 spem?
1087 3623 1129 3688 In
1154 3636 1226 3689 utro

122 3727 155 3782 35
176 3722 279 3807 igitur
298 3723 384 3785 haec
408 3722 491 3786 suit?
519 3722 554 3785 in
583 3722 727 3797 Milone,
746 3724 803 3808 qui
829 3725 931 3786 etiam
956 3745 1047 3788 nunc
1075 3745 1154 3789 reus
1179 3738 1225 3790 est

175 3819 254 3883 lacti
281 3830 339 3883 aut
363 3821 530 3903 praeclari
556 3833 613 3885 aut
638 3834 728 3885 certe
755 3821 951 3897 necessarii,
970 3843 1013 3886 an
1035 3821 1070 3888 in
1088 3822 1222 3900 Clodio,
