2668 4262
1004 2 1061 13 v.

211 199 272 246 112
370 247 377 261 ,
499 181 713 276 Conspr'racy
737 181 785 266 of
804 180 967 246 Catilina.
1057 177 1181 247 [Cam-
1205 176 1263 230 ΙΙΙ.

206 384 352 456 duntur3
386 382 450 466 ipsi
476 383 715 466 comprehensi
737 383 782 446 ad
803 403 870 454 me,
889 402 967 446 cum
980 381 1052 469 jam
1070 380 1265 445 dilucesce-

207 496 269 556 ret,
303 484 529 548 deducuntur.
595 481 708 568 Atque
742 484 862 545 horum
897 484 1048 545 omniunt
1088 483 1264 545 scelerum

207 584 494 667 improbissimum
516 582 783 646 machinatorem
799 580 978 646 Cimbrum
993 581 1182 644 Gabinium
1196 597 1264 645 sta-

206 685 264 746 tim
277 686 320 748 ad
336 707 403 756 me,
418 684 502 745 nihil
520 683 602 746 dum
617 683 862 766 suspicantem,
879 681 1018 752 vocavi3
1038 681 1167 745 deinde
1181 684 1264 744 item

176 786 388 866 5arcessitus
413 785 463 847 est
489 782 530 846 L.
555 782 720 855 Statilius
743 794 775 846 et
801 795 875 865 post
894 804 971 846 eum
992 781 1034 846 C.
1057 781 1262 869 Cethegum

206 885 397 948 tardissime
415 897 528 948 autem
547 881 716 946 Lentulus
735 882 838 956 venit,
858 883 961 946 credo
977 882 1069 967 quod
1087 882 1123 944 in
1141 883 1264 947 litteris

205 984 329 1049 dandis
362 998 495 1068 praeter
523 982 806 1048 consuetudinem
832 985 987 1066 proxima
1012 998 1111 1045 nocte
1137 983 1265 1069 vigila·

206 1098 268 1148 rat.
287 1065 353 1145 Vr.
377 1083 466 1148 Cum
499 1083 641 1148 summis
674 1103 716 1145 ac
748 1081 947 1146 clarissimis
978 1082 1080 1169 hujus
1112 1083 1264 1146 civitatis

205 1185 287 1249 viris
307 1185 383 1270 (qui
401 1185 516 1248 audita
532 1205 569 1248 re
589 1183 783 1268 frequentes
806 1183 850 1246 ad
875 1203 930 1246 me
958 1203 1059 1246 mane
1087 1203 1264 1247 convene-

158 1286 298 1369 rorant)
319 1286 446 1348 litteras
471 1305 490 1347 a
516 1305 570 1348 me
591 1284 684 1368 prius
702 1282 825 1366 aperiri
842 1303 946 1367 quam
963 1283 1008 1346 ad
1024 1295 1184 1346 senatum
1201 1285 1264 1347 de-

205 1385 327 1449 ferrem
346 1386 509 1469 placeret,
522 1405 628 1456 -ne‚
647 1384 674 1447 si
693 1383 776 1446 nihil
802 1395 892 1446 esset
914 1383 1104 1455 inventum,
1129 1395 1262 1447 temere

206 1507 225 1549 a
245 1509 297 1550 me
314 1498 426 1550 tantus
443 1486 605 1548 tumultus
626 1485 769 1570 injectus
795 1483 922 1548 civitati
945 1483 1263 1556 videretur‚—ne·

206 1587 285 1672 gavi
312 1607 365 1649 me
390 1607 465 1649 esse
489 1586 670 1658 facturum,
691 1598 725 1647 ut
744 1585 786 1648 de
804 1584 954 1668 periculo
972 1582 1109 1666 publico
1127 1605 1197 1646 non
1215 1585 1262 1647 ad

205 1686 384 1750 consilium
403 1687 576 1769 publicum
595 1704 667 1748 rem
684 1684 853 1770 integram
871 1683 1052 1748 deferrem.
1103 1681 1259 1757 Etenim,

159 1813 188 1862 ¹5
206 1784 373 1868 Quirites,
392 1786 419 1848 si
443 1806 484 1848 ea
508 1806 596 1869 quae
621 1796 719 1848 erant
742 1785 786 1848 ad
812 1806 866 1847 me
892 1784 1003 1848 delata
1027 1793 1163 1866 reperta
1189 1805 1261 1848 non

205 1899 330 1958 essent,
343 1899 458 1949 tamen
475 1907 541 1970 ego
559 1906 627 1949 non
645 1884 846 1958 arbitrabar,
862 1884 896 1948 in
912 1883 1013 1948 tantis
1030 1883 1078 1946 rei
1096 1883 1261 1966 publicae
1324 1935 1325 1974 ,

205 1986 377 2070 periculis,
400 2007 475 2048 esse
499 1985 580 2047 mihi
606 1985 747 2047 nimiam
771 1984 985 2071 diligentiam
1013 1983 1262 2067 pertimescen·
1324 1977 1325 1980 ¹

204 2089 296 2150 dam.
340 2086 504 2150 Senatum
523 2084 735 2170 frequentem
752 2085 918 2158 celeriter,
936 2098 970 2147 ut
983 2083 1126 2157 vidistis,
1141 2085 1258 2171 co'e'gi.

202 2200 229 2246 8.
253 2184 367 2271 Atque
384 2186 513 2248 interea
530 2185 655 2258 statim,
671 2185 846 2248 admonitu
860 2184 1100 2276 Allobrogum,
1116 2183 1159 2250 C.
1177 2183 1262 2249 Sul-

155 2311 187 2344 20
204 2287 330 2370 picium
349 2296 552 2370 praetorem,
572 2284 691 2348 sortem
710 2286 833 2355 virum,
854 2286 942 2356 misi,
960 2286 1018 2372 qui
1042 2307 1086 2350 ex
1110 2287 1260 2352 aedibus

203 2384 349 2471 Cethegi
375 2386 403 2448 si
428 2384 510 2469 quid
534 2385 678 2448 telorum
703 2397 791 2448 esset
815 2384 970 2449 efferret:
995 2409 1038 2450 ex
1056 2385 1181 2472 quibus
1198 2388 1260 2451 ille

203 2487 390 2548 maximum
409 2485 555 2549 sicarum
574 2505 753 2548 numerum
769 2496 803 2548 et
818 2486 1012 2571 gladiorum
1024 2487 1160 2551 extulit.

248 2605 297 2648 ιν.
326 2584 500 2649 Introduxi
518 2583 731 2648 Volturcium
752 2585 825 2648 sine
850 2584 982 2650 Gallis:
1015 2587 1118 2651 fidem
1144 2587 1260 2671 publi-

202 2706 279 2750 cam
299 2685 397 2772 jussu
417 2696 555 2747 senatus
572 2683 672 2747 dedi:
698 2686 848 2749 hortatus
865 2709 955 2761 sum,
974 2699 1009 2750 ut
1026 2707 1067 2750 ea
1083 2707 1173 2772 quae
1190 2688 1260 2750 sci-

152 2813 182 2860 25
201 2799 252 2848 ret
276 2785 349 2848 sine
373 2784 493 2848 timore
516 2784 695 2848 indicaret.
743 2785 834 2848 Tum
856 2787 913 2850 ille
930 2786 1027 2858 dixit,
1046 2807 1125 2850 cum
1141 2787 1199 2849 vix
1218 2810 1258 2852 se

202 2909 245 2949 ex
273 2907 399 2971 magno
425 2885 544 2947 timore
571 2898 771 2959 recreasset,
800 2887 843 2950 ab
876 2886 1025 2950 Lentulo
1055 2908 1093 2950 se
1126 2887 1258 2952 habere

202 2986 245 3049 ad
274 2985 458 3050 Catilinam
489 2985 650 3048 mandata
674 2997 708 3048 et
733 2987 872 3059 litteras,
899 2998 934 3049 ut
955 3008 1131 3051 servorum
1154 3007 1258 3070 prae-

201 3087 287 3150 sidio
302 3098 460 3157 uteretur,
476 3096 512 3148 ut
524 3085 567 3148 ad
586 3086 705 3149 urbem
719 3086 987 3171 quamprimum
1005 3107 1082 3150 cum
1100 3087 1255 3150 exercitu

201 3186 399 3249 accederet:
432 3184 466 3247 id
495 3197 606 3248 autem
633 3207 674 3248 eo
699 3185 855 3257 consilio,
881 3197 930 3259 ut,
957 3207 1035 3249 curn
1060 3186 1180 3272 urbem
1207 3209 1255 3250 ex

150 3285 357 3361 3oomnibus
382 3284 534 3368 partibus
563 3305 665 3369 quem
695 3284 738 3347 ad
771 3285 910 3350 modum
943 3285 1151 3370 descriptum
1183 3285 1254 3350 dis-

199 3387 428 3469 tributumque
460 3396 533 3447 erat
563 3383 808 3457 incendissent,
837 3386 1049 3472 caedemque
1083 3385 1251 3450 infinitam

199 3487 323 3551 civium
357 3484 529 3557 fecissent,
560 3495 694 3567 praesto
726 3495 815 3548 esset
846 3484 915 3559 ille,
943 3486 1001 3570 qui
1029 3499 1062 3550 et
1089 3485 1251 3573 fugientis

199 3585 385 3669 exciperet,
403 3597 436 3648 et
452 3605 489 3646 se
506 3604 584 3647 cunr
607 3583 658 3646 his
678 3583 819 3647 urbanis
843 3584 988 3648 ducibus
1012 3585 1247 3672 conjungeret.

198 3699 226 3742 a.
252 3683 437 3746 Introducti
462 3693 575 3744 autem
600 3681 693 3744 Galli
714 3680 770 3767 jus
790 3682 976 3767 jurandum
994 3684 1056 3747 sibi
1074 3695 1107 3748 et
1122 3685 1248 3749 litteras

151 3807 182 3858 ³5
200 3784 242 3846 ab
268 3782 428 3852 Lentulo,
455 3778 624 3865 Cethego,
651 3778 784 3843 Statilio
808 3781 851 3844 ad
877 3803 974 3844 suam
1003 3795 1141 3868 gentem
1168 3783 1248 3848 data

199 3903 274 3946 esse
299 3881 471 3950 dixerunt,
491 3890 590 3962 atque
610 3877 656 3940 ita
673 3877 737 3942 sibi
754 3879 798 3942 ab
816 3878 867 3943 his
884 3891 917 3943 et
933 3900 954 3944 a
970 3878 1014 3944 L.
1033 3879 1156 3948 Cassio
1172 3903 1248 3948 esse
