2668 4262
170 203 232 272 ¹4⁰
457 181 669 270 Cillzssnsltt'p
692 183 740 267 of
753 179 917 246 Archias.
1104 176 1215 247 [Anca.

211 405 276 448 vti.
318 401 359 447 15.
385 382 539 468 Quaeret
554 382 746 468 quispiam:
773 378 914 463 ‘Qidt
944 379 992 443 illi
1010 379 1075 464 ipsi
1093 379 1218 443 summi

168 485 243 559 viri,
262 499 405 570 quorum
426 483 561 546 virtutes
586 481 701 545 litteris
728 477 881 566 proditae
902 491 992 553 sunt,
1012 479 1122 543 istane
1140 480 1220 543 do'c-

167 585 267 654 trina,
286 605 389 670 quam
407 596 441 646 tu
458 581 559 646 effers
585 582 756 655 laudibus
776 579 897 644 eruditi
920 577 1097 643 fuerunt?'
1145 579 1222 642 Dis-

168 684 256 750 ficile
283 698 333 747 est
360 685 430 746 hoc
450 683 492 745 de
520 681 677 744 omnibus
706 680 922 754 confirmare,
941 680 1001 744 sed
1027 691 1144 742 tamen
1169 690 1224 742 est

135 797 258 873 5certe
277 783 369 869 quod
389 782 626 866 respondeam.
674 779 751 868 Ego
776 781 900 845 multos
924 779 1081 846 homines
1105 781 1224 844 excel-

168 883 249 948 lenti
267 884 382 946 animo
407 903 448 946 ac
464 882 584 945 virtute
610 881 727 956 fuisse,
745 891 778 946 et
799 880 873 946 sine
897 881 1051 946 doctrina
1075 891 1225 944 naturae

169 982 275 1068 ipsius
293 981 409 1046 habitu
427 1002 532 1066 prope
554 981 669 1046 divino
686 1001 748 1066 per
763 1003 801 1046 se
818 975 910 1066 ipso‘s
926 993 959 1046 et
976 981 1170 1046 moderatos
1190 991 1228 1045 et

169 1081 285 1170 gravis
309 1081 489 1157 exstitisse,
508 1082 635 1147 sateorr
668 1081 770 1146 etiam
790 1081 874 1147 illud
897 1082 1061 1170 adjungo,
1081 1081 1228 1166 saepius

170 1183 214 1247 ad
231 1182 369 1246 laudem
386 1194 487 1268 atque
503 1182 660 1248 virtutem
678 1195 834 1247 naturam
853 1183 927 1247 sine
943 1183 1098 1248 doctrina
1114 1203 1227 1269 quam

121 1317 152 1354 ιο
171 1282 244 1346 sine
261 1293 382 1346 natura
398 1281 547 1347 valuisse
563 1283 766 1348 doctrinam.
815 1283 929 1370 Atque
947 1283 1036 1347 idem
1055 1305 1122 1370 ego
1140 1304 1229 1347 con-

171 1383 285 1454 tendo,
300 1402 377 1446 cum
393 1381 436 1446 ad
454 1396 610 1447 naturam
624 1384 786 1448 eximiam
801 1393 901 1470 atque
913 1384 1089 1448 inlustrem
1104 1405 1224 1448 acces-

171 1482 250 1546 serit
263 1481 346 1545 ratio
360 1483 531 1568 quaedam
543 1483 833 1570 conformatioque
850 1485 1037 1559 doetrinae,
1051 1497 1121 1548 tum
1135 1484 1228 1548 illud

172 1581 287 1646 nescio
310 1582 392 1667 quid
417 1583 631 1667 praeclarum
649 1605 690 1647 ac
707 1584 882 1671 singulare
906 1586 1016 1650 solere
1040 1585 1226 1648 exsistere.

171 1698 212 1746 to.
228 1681 283 1745 Ex
300 1683 366 1746 hoc
383 1704 458 1747 esse
475 1684 566 1747 hunc
583 1705 737 1758 numero,
756 1706 858 1769 quem
876 1697 988 1769 patres
1006 1685 1109 1750 nostri
1127 1685 1229 1748 vide-

121 1814 153 1868 ¹5
172 1793 261 1854 runt,
274 1782 427 1846 divinum
441 1783 612 1847 hominem
626 1781 827 1848 Africanum
841 1807 849 1858 3
864 1807 908 1848 ex
920 1786 984 1849 hoc
995 1784 1035 1850 C.
1045 1784 1227 1859 Laelium,

172 1881 216 1947 L.
239 1883 394 1958 Furium,
421 1883 708 1948 moderatissimos
737 1885 892 1948 homines
917 1897 950 1948 et
972 1884 1231 1950 continentissi-

173 2005 268 2056 mos3
286 2005 329 2047 ex
346 1985 412 2048 hoc
428 1982 647 2048 fortissimum
660 1983 770 2048 virum
788 1995 821 2048 et
833 1985 899 2048 illis
915 1985 1123 2068 temporibus
1140 1986 1230 2049 doc-

172 2085 352 2157 tissimum,
375 2083 427 2147 M.
447 2082 614 2149 Catonern
639 2085 734 2148 illum
761 2105 900 2148 senem:
929 2084 987 2169 qui
1014 2084 1163 2168 profecto
1195 2084 1230 2148 si

173 2185 257 2248 nihil
269 2186 312 2249 ad
326 2183 582 2269 percipiendam
598 2183 814 2271 [colendam]
830 2184 983 2247 virtutem
997 2183 1113 2247 litteris
1124 2182 1231 2270 adju-

121 2315 153 2350 ω
174 2297 346 2356 vatemus,
365 2305 550 2370 numquam
569 2305 605 2348 se
623 2285 665 2348 ad
688 2303 804 2346 earum
823 2285 970 2348 studium
989 2283 1228 2348 contulissent.

175 2386 278 2471 Quod
305 2387 332 2451 si
360 2407 428 2449 non
455 2385 511 2448 hic
527 2395 639 2448 tantus
664 2382 792 2447 fructus
818 2385 1063 2458 ostenderetur3
1083 2395 1115 2448 et
1131 2385 1159 2448 si
1175 2405 1229 2449 ex

174 2488 226 2552 his
243 2486 363 2552 studiis
380 2485 557 2550 delectatio
574 2485 646 2549 sola
666 2494 848 2568 peteretur,
866 2493 980 2546 tamen
1008 2484 1063 2572 (ut
1079 2484 1224 2570 opinor)

174 2589 264 2652 hanc
281 2585 385 2651 animi
403 2585 639 2650 adversionem
665 2582 948 2646 humanissimam
967 2604 1007 2648 ac
1025 2584 1230 2649 liberalissi-

174 2709 265 2751 mam
286 2684 498 2775 judicaretis.
547 2683 639 2747 Nam
658 2694 791 2747 ceterae
808 2703 919 2768 neque
936 2695 1126 2768 temporum
1143 2697 1230 2751 sunt

123 2814 154 2867 25
174 2809 284 2874 neque
309 2798 457 2851 aetatum
481 2784 633 2850 omnium
659 2803 770 2869 neque
795 2783 969 2846 locorum:
1000 2785 1086 2849 baec
1110 2786 1229 2851 studia

174 2887 442 2952 adulescentiam
472 2887 578 2960 alunt,
608 2895 816 2948 senectutem
844 2884 1028 2958 oblectant,
1052 2887 1229 2952 secundas

173 3009 228 3052 res
249 2999 383 3061 ornant,
403 2986 554 3051 adversis
576 2983 770 3070 perfugium
794 3003 835 3048 ac
855 2984 1019 3048 solacium
1044 2987 1226 3070 praebent,

173 3088 345 3152 delectant
361 3086 464 3161 domi,
485 3105 552 3149 non
575 3084 764 3168 impediunt
782 3084 873 3157 soris,
893 3097 1093 3170 pernoctant
1110 3086 1229 3151 nobis·

174 3208 266 3259 cum,
286 3187 559 3272 peregrinantur,
578 3184 794 3248 rusticantur.

124 3314 156 3365 30
218 3303 258 3349 ιτ.
284 3284 388 3368 Quod
412 3285 439 3349 si
463 3284 527 3369 ipsi
553 3285 639 3348 haec
665 3305 774 3370 neque
800 3285 965 3372 attingere
989 3307 1099 3373 neque
1120 3308 1225 3352 sensu

174 3398 288 3450 nostro
309 3397 446 3472 gustare
471 3406 661 3468 possemus,
680 3395 795 3448 tamen
813 3405 853 3448 ea
867 3386 982 3449 mirari
1007 3387 1225 3466 deberemuS,

173 3488 276 3550 etiam
293 3507 370 3550 cum
389 3485 423 3547 in
441 3484 516 3548 aliis
532 3485 738 3548 videremus.
774 3503 851 3547 vm.
881 3483 969 3568 Quis
986 3498 1135 3550 nostrum
1153 3499 1223 3550 tam

175 3587 290 3650 animo
316 3584 442 3672 agresti
469 3605 510 3646 ac
527 3584 611 3648 duro
629 3585 701 3657 fuit,
720 3595 756 3646 ut
773 3584 879 3648 Rosci
898 3598 1002 3650 morte
1030 3608 1138 3671 nuper
1154 3608 1223 3652 non

175 3681 467 3748 commoveretur?
491 3683 548 3768 qui
574 3703 653 3746 cum
679 3695 767 3746 esset
792 3706 899 3747 senex
927 3697 1089 3759 mortuus,
1108 3697 1222 3752 tamen

129 3809 159 3860 ³5
176 3794 312 3866 propter
343 3782 569 3845 excellentem
602 3792 708 3844 artem
740 3801 781 3843 ac
806 3795 1018 3848 venustatem
1044 3786 1225 3850 videbatur

177 3881 314 3944 omnino
340 3879 426 3944 mori
452 3899 520 3942 non
548 3879 720 3943 debuisse.
769 3879 863 3966 Ergo
881 3882 937 3945 ille
963 3885 1114 3968 corporis
1133 3898 1223 3951 motu
