2668 4262
73 194 235 266 xx1v.54]
295 195 366 262 The
395 198 538 264 consuls
562 201 651 268 leave
675 203 765 266 {herr
790 202 962 271 Rcward.
1064 217 1131 294 '159

72 417 129 459 me
150 406 267 462 tamen
287 398 321 460 in
349 420 459 464 meam
485 401 661 488 pristinam
688 403 905 490 dignitatern,
927 405 1022 470 brevi
1046 418 1131 471 tem·

71 513 156 579 pore
191 498 317 562 doloris
349 499 538 587 interject0,
572 503 619 566 rei
653 505 810 588 publicae
849 526 932 570 voce
969 531 1043 573 esse
1079 530 1131 572 re·

71 608 247 660 vocatum.
581 674 584 678 ¹

116 713 165 758 so.
192 697 263 762 Sed
286 700 340 783 (ut
359 712 509 764 revertar
528 703 571 765 ad
590 702 673 766 illud
690 705 781 788 quod
803 706 884 770 mihi
903 707 937 772 in
955 710 1021 773 hac
1037 709 1129 773 omni

70 812 122 862 est
146 799 302 862 oratione
321 800 546 883 propositum,
564 804 723 878 omnibus
747 805 846 870 malis
868 808 924 873 illo
947 820 1037 874 anno'
1058 831 1130 874 sce·
1153 835 1166 889 ς

70 899 142 962 lere
166 900 348 962 consulum
373 921 444 963 rern
466 902 638 983 publicam
657 925 733 968 esse
753 907 962 994 consectam)
983 910 1128 994 primum

70 997 130 1063 illo
165 999 241 1084 ipso
273 999 341 1073 die,
371 999 428 1084 qui
458 1000 541 1063 milii
571 1001 723 1070 funestus
753 1006 826 1082 suit,
850 1009 1009 1074 omnibus
1033 1009 1131 1076 bonis

70 1099 410 1176 luctuosus,—cum
441 1123 507 1189 ego
535 1125 587 1166 me
621 1125 640 1168 e
673 1109 857 1191 complexu
889 1109 1018 1192 patriae
1050 1131 1131 1174 con-

71 1216 264 1289 spectuque
287 1216 400 1268 vestro
425 1202 640 1288 eripuissem,
667 1218 701 1270 et
724 1221 815 1271 metu
845 1209 945 1272 vestri
975 1210 1129 1294 periculi,

70 1324 141 1366 non
160 1303 243 1378 mei,
262 1302 366 1368 surori
384 1304 543 1384 hominis,
558 1306 692 1380 sceleri,
718 1308 894 1392 perfidiae,
917 1310 991 1372 telis
1016 1309 1131 1373 minis·
1156 1343 1186 1382 10

71 1424 139 1489 que
157 1405 354 1476 cessissem,
373 1405 600 1492 patriamque,
619 1421 710 1492 quae
736 1408 817 1470 mihi
844 1421 916 1471 erat
940 1408 1129 1482 carissima,

71 1517 215 1590 propter
246 1506 353 1592 ipsius
391 1505 521 1590 patriae
560 1508 736 1572 caritatem
774 1508 1007 1593 reliquissem3
1053 1530 1131 1571 curn

73 1627 190 1670 meum
209 1606 305 1671 illum
323 1627 442 1672 casum
460 1619 527 1672 tarn
554 1607 767 1698 horribilem,
789 1620 857 1670 tam
884 1628 1040 1694 gravem,
1063 1621 1131 1674 tarn

72 1708 292 1791 repentinum
306 1729 374 1771 non
388 1708 498 1772 solum
518 1708 686 1782 homines,
702 1708 763 1772 sed
780 1719 868 1771 tecta
885 1707 978 1772 urbis
995 1730 1035 1773 ac
1048 1722 1131 1772 tem-

72 1808 131 1890 pla
148 1809 321 1896 lugerent,
338 1829 438 1873 nemo
452 1822 600 1871 vestrum
616 1807 741 1881 forum,
757 1829 857 1873 nemo
871 1808 1014 1880 curiam,
1031 1831 1130 1872 nemo
1156 1833 1185 1890 ις

73 1906 188 1974 lucem
220 1909 374 1994 aspicere
402 1908 660 1982 vellet-illo,
691 1907 844 1995 inquam,
875 1909 949 1994 ipso
981 1909 1048 1980 die,
1076 1909 1131 1974 die

75 2007 175 2073 dico?
209 2009 314 2074 immo
331 2009 416 2073 hora
433 2020 534 2095 atque
551 2009 651 2072 etiarn
672 2021 798 2093 puncto
816 2010 977 2093 temporis
995 2009 1127 2080 eodem,

75 2109 158 2172 mihi
184 2111 304 2195 reique
324 2109 482 2194 publicae
500 2109 682 2193 pernicies,
702 2108 853 2173 Gabinio
871 2122 903 2172 et
921 2108 1036 2172 Pisoni
1056 2131 1132 2192 pro-

74 2211 190 2274 vrncia
213 2222 333 2296 rogata
350 2221 411 2274 est.
460 2224 502 2271 31.
526 2209 593 2274 Pro
611 2210 664 2273 dei
683 2210 906 2280 immortales,
926 2211 1082 2274 custodes
1100 2223 1132 2274 et

77 2323 334 2374 conservatores
351 2309 452 2396 hujus
468 2311 561 2374 urbis
584 2321 684 2395 atque
709 2309 852 2393 imperil
885 2330 1055 2394 quaenam
1074 2309 1130 2372 illa
1153 2327 1187 2365 20

75 2405 109 2470 in
126 2432 163 2476 re
182 2411 321 2494 publica
339 2423 500 2483 monstra,
516 2431 604 2496 quae
619 2409 750 2474 scelera
764 2409 895 2472 vidistis
910 2407 917 2470 l
947 2407 1042 2472 Civis
1060 2424 1132 2472 erat

77 2510 242 2592 expulsus
261 2508 302 2582 is,
321 2510 378 2594 qui
404 2531 475 2572 rem
502 2509 673 2594 publicam
701 2531 744 2572 ex
769 2521 908 2572 senatus
934 2509 1131 2572 auctoritate

76 2626 154 2672 curn
179 2608 338 2674 omnibus
362 2609 460 2673 bonis
485 2609 696 2682 defenderat,
720 2621 752 2672 et
780 2610 945 2693 expulsus
970 2628 1037 2670 non
1066 2606 1132 2670 alio

77 2707 204 2794 aliqu0‚
232 2709 292 2773 sed
324 2731 365 2772 eo
397 2708 471 2793 ipso
504 2710 657 2773 crimine.
711 2707 796 2772 Erat
824 2723 936 2772 autem
967 2709 1131 2793 expulsus

76 2807 148 2872 sine
164 2807 307 2898 judicio,
325 2808 372 2882 vi,
392 2808 575 2892 lapidibus,
594 2809 697 2883 ferro,
716 2808 853 2872 servitio
878 2808 1026 2895 denique
1052 2831 1131 2873 con·
1152 2819 1183 2874 ²5

77 2905 197 2971 citato:
223 2908 280 2972 lex
297 2919 369 2971 erat
384 2909 452 2972 lata
469 2921 565 2972 vasto
582 2929 623 2971 ac
640 2907 757 2972 relicto
774 2907 847 2971 soro
865 2919 897 2972 et
914 2908 1044 2972 sicariis
1063 2932 1131 2973 ser-

75 3004 195 3094 visque
214 3007 358 3082 tradit03
391 3020 424 3072 et
442 3029 484 3071 ea
504 3008 573 3082 lex,
593 3029 680 3093 quae
702 3021 738 3071 ut
757 3008 972 3080 neferretur,
993 3024 1130 3074 senatus
1228 3013 1231 3016 ’

77 3103 186 3171 suerat
203 3120 297 3172 veste
314 3119 453 3170 mutata.
502 3123 548 3170 32.
574 3107 652 3171 Hac
670 3121 761 3171 tanta
779 3109 1032 3192 perturbatione
1050 3109 1131 3172 civi-

77 3206 152 3272 tatis
169 3229 212 3272 ne
229 3220 362 3271 noctem
380 3207 518 3292 quidem
536 3208 695 3271 consules
711 3207 798 3271 inter
815 3229 929 3271 meum
957 3209 1129 3272 interitum

79 3316 110 3369 et
125 3329 221 3372 suam
239 3307 402 3392 praedam
419 3306 583 3371 interesse
600 3307 693 3392 passi
711 3318 809 3372 sunt:
839 3309 952 3372 statim
975 3330 1029 3372 me
1055 3331 1130 3394 per·
1150 3313 1184 3366 30

79 3408 170 3473 culso
199 3409 242 3473 ad
271 3430 385 3472 meum
415 3407 620 3494 sanguinem
650 3407 891 3482 hauriendum,
919 3420 951 3472 et
980 3394 1129 3494 spirante

80 3507 177 3574 etiarn
198 3509 391 3594 republica
412 3508 454 3574 ad
478 3508 551 3596 ejus
576 3507 684 3594 spolia
709 3509 922 3574 detrahenda
948 3509 1129 3574 advolave-

79 3620 163 3673 runt.
214 3608 341 3674 Omitto
358 3609 615 3696 gratulationeS,
630 3611 763 3694 epulas,
777 3608 991 3694 partitionem
1005 3609 1128 3681 aerari,

79 3705 255 3783 beneficia,
275 3731 384 3795 spem,
407 3709 587 3794 promissa,
609 3711 787 3794 praedam,
811 3709 972 3774 laetitiam
1003 3730 1130 3793 pauco-

80 3827 149 3874 rum
171 3810 206 3874 in
231 3811 323 3875 luctu
346 3810 511 3874 omnium.
561 3808 765 3874 Vexabatur
788 3830 875 3872 uxor
899 3831 998 3872 mea:
1032 3807 1129 3872 liberi
1149 3807 1182 3862 35

82 3909 121 3974 ad
143 3931 265 3976 necem
287 3910 560 3996 quaerebantur:
593 3929 714 3994 gener,
738 3919 772 3972 et
794 3907 874 3971 Piso
897 3929 1006 3992 gener
1028 3929 1048 3971 a
1073 3906 1127 3971 Pi·
