2714 4266
204 226 249 318 64
429 227 609 320 Pompey's
632 229 798 318 llfz'litary
829 229 1030 297 Comrrzand.
1128 227 1267 298 [Manu.

204 427 357 498 rationes
371 443 402 495 et
419 431 535 516 copias
554 431 587 496 in
602 431 694 496 illam
709 432 920 517 provinciam
936 433 1161 503 contulerunt,
1180 455 1268 518 quo-

204 553 279 594 rum
308 531 459 616 ipsorum
487 549 549 618 per
573 554 609 595 se
634 555 688 596 res
713 543 746 596 et
767 532 921 597 fortunae
944 531 1040 597 vobis
1061 554 1165 596 curae
1187 553 1266 596 esse

204 627 341 696 debent.
392 632 527 696 Etenim
545 632 573 697 sl
590 633 775 720 vectigalia
793 656 915 699 nervos
933 655 1008 697 esse
1028 633 1075 696 rei
1101 633 1266 718 publicae

204 754 341 817 semper
364 732 537 806 duximus,
561 754 638 796 eum
665 745 755 796 certe
771 733 940 808 ordinem,
959 733 1016 820 qui
1033 746 1171 797 exercet
1188 733 1263 808 illa,

173 832 455 912 sfirmamentum
479 843 668 896 ceterorum
693 833 852 897 ordinum
877 845 967 897 recte
991 854 1066 898 esse
1090 833 1263 898 dicemus.

203 948 243 994 rs.
270 931 403 996 Deinde
432 952 477 997 ex
501 931 621 996 ceteris
646 931 823 997 ordinibus
848 933 1003 998 homines
1028 933 1132 1020 gnavi
1159 945 1264 1020 atque

204 1032 359 1097 industrii
385 1031 506 1118 partim
533 1030 597 1118 ipsi
622 1031 656 1096 ln
680 1030 767 1096 Asia
791 1033 1022 1120 negotiantur,
1048 1033 1171 1118 quibus
1201 1055 1264 1097 vos

204 1133 402 1199 absentibus
419 1133 597 1198 consulere
615 1121 759 1204 debetis,
779 1133 901 1217 partim
919 1154 1037 1197 eorum
1057 1133 1090 1196 in
1116 1153 1158 1196 ea
1184 1153 1263 1218 pro-

203 1233 317 1297 vincia
336 1234 499 1318 pecunias
517 1253 663 1320 magnas
680 1233 876 1298 conlocatas
894 1233 1033 1297 habent.
1077 1231 1140 1296 Est
1157 1233 1265 1319 igitur

159 1359 189 1396 ιο
205 1334 424 1397 humanitatis
449 1346 582 1397 vestrae
607 1354 773 1420 magnum
797 1353 977 1397 numerum
994 1354 1112 1399 eorum
1133 1333 1263 1397 civium

205 1434 398 1498 calamitate
423 1433 617 1518 prohibere,
636 1432 824 1518 sapientiae
842 1433 959 1498 videre
977 1434 1160 1498 multorum
1177 1433 1265 1497 civi-

204 1554 262 1597 um
280 1534 507 1597 calamitatem
526 1555 545 1597 a
564 1555 598 1598 re
617 1534 754 1620 publica
772 1533 961 1622 sejunctam
976 1555 1051 1599 esse
1065 1555 1132 1599 non
1147 1555 1262 1618 posse.

204 1634 340 1698 Etenim
359 1634 506 1720 primurn
524 1634 607 1698 illud
622 1634 718 1719 parvi
732 1633 845 1709 refert,
861 1656 923 1700 nos
936 1634 1076 1720 publica
1089 1633 1142 1700 his
1156 1635 1263 1700 amis-

204 1736 250 1800 sis
265 1734 484 1822 [vectigalia]
500 1746 617 1819 postea
629 1735 769 1800 victoria
782 1755 999 1820 recuperare.
1030 1734 1153 1822 Neque
1167 1735 1261 1798 enim

160 1860 188 1911 15
204 1836 312 1899 isdem
334 1834 524 1898 redimendi
542 1833 687 1900 facultas
704 1835 767 1899 erit
783 1846 920 1920 propter
937 1835 1180 1908 calamitatem,
1201 1855 1262 1898 ne·
1290 1855 1292 1862 ·

203 1957 269 2022 que
290 1935 365 1999 aliis
385 1934 543 1999 voluntas
564 1947 701 2020 propter
724 1935 892 2000 timorem.
941 1952 983 1998 ro.
1010 1935 1143 2000 Deinde
1167 1934 1261 2022 quod
1337 1935 1338 1972 ³

204 2058 265 2100 nos
283 2037 402 2100 eadem
421 2034 507 2099 Asia
526 2047 626 2121 atque
643 2035 734 2100 idem
752 2034 814 2100 iste
832 2033 1051 2100 Mithridates
1068 2035 1161 2099 initio
1178 2035 1261 2100 belli

204 2135 346 2200 Asiatici
362 2135 488 2207 docuit,
505 2135 539 2200 id
552 2136 689 2223 quidem
704 2147 794 2201 certe
812 2136 1006 2201 calamitate
1023 2136 1112 2201 docti
1131 2157 1261 2200 memo-

204 2237 253 2300 ria
282 2236 427 2300 retinere
454 2236 633 2301 debemus.
683 2235 776 2300 Nam
804 2231 889 2312 tum,
918 2257 994 2300 cum
1024 2237 1058 2300 in
1086 2235 1174 2302 Asia
1205 2258 1260 2301 res

157 2364 189 2394 re
204 2357 351 2423 magnas
375 2335 534 2422 permulti
560 2337 757 2410 amiserant,
776 2337 904 2401 scimus
924 2335 1073 2412 Rornae,
1092 2337 1259 2402 solutione

203 2438 379 2520 impedita,
394 2436 497 2501 fidem
516 2437 719 2502 concidisse.
768 2435 849 2502 Non
867 2437 958 2501 enim
975 2448 1119 2523 possunt
1135 2458 1204 2502 una
1222 2437 1259 2501 in
1336 2453 1337 2456 ’

204 2537 338 2603 civitate
364 2536 458 2600 multi
484 2558 555 2600 rem
582 2558 622 2601 ac
647 2537 798 2602 fortunas
820 2538 986 2612 amittere,
1006 2549 1042 2601 ut
1057 2558 1125 2602 non
1143 2538 1259 2621 plures

205 2658 320 2702 secum
343 2636 376 2699 in
398 2635 544 2700 eandem
569 2637 706 2700 trahant
729 2637 971 2701 calamitatem.
1022 2636 1055 2700 A
1078 2659 1146 2724 quo
1171 2637 1260 2722 peri-

206 2739 281 2802 culo
303 2737 477 2822 prohibete
499 2758 571 2800 rem
593 2737 778 2822 publicam,
798 2748 830 2801 et
852 2737 936 2801 mihi
958 2738 1085 2803 credite
1107 2737 1140 2801 irl
1166 2737 1259 2825 quod

156 2860 186 2910 ες
205 2837 268 2922 ipsi
293 2836 435 2902 videtis:
463 2837 550 2901 haec
574 2837 658 2901 fides
681 2849 782 2924 atque
804 2838 891 2902 haec
914 2838 999 2902 ratio
1020 2837 1256 2923 pecuniarum,

204 2959 292 3025 quae
309 2936 458 3010 Romae,
476 2959 565 3022 quae
583 2936 616 3000 in
634 2937 706 3002 foro
724 2949 890 3013 versatur,
909 2938 1084 3023 implicata
1104 2950 1155 3002 est
1179 2959 1257 3002 cum
1335 2955 1336 2992 ὲ

205 3038 271 3102 illis
300 3036 453 3122 pecuniis
483 3036 644 3102 Asiaticis
673 3050 705 3102 et
733 3038 905 3103 cohaeret.
956 3036 1073 3102 Ruere
1102 3036 1161 3102 illa
1189 3058 1257 3104 non

205 3147 358 3222 possunt,
377 3147 413 3200 ut
430 3139 516 3201 haec
534 3159 602 3201 non
620 3137 741 3202 eodem
761 3137 930 3202 labefacta
948 3150 1041 3202 motu
1061 3137 1254 3203 concidant.
1335 3191 1336 3224 3

206 3235 287 3320 Qia
304 3257 340 3300 re
357 3235 468 3301 videte
487 3259 568 3300 num
593 3236 820 3301 dubitandum
843 3237 940 3302 vobis
965 3237 1007 3302 sit
1029 3237 1122 3303 omni
1147 3239 1256 3303 studio

156 3361 188 3410 30
205 3338 248 3403 ad
273 3336 308 3402 id
330 3337 459 3400 bellum
485 3335 694 3411 incumbere,
713 3336 832 3425 inquo
849 3336 959 3424 gloria
977 3337 1123 3402 nominis
1140 3337 1253 3412 vestri,

204 3438 297 3502 salus
317 3435 500 3512 sociorum,
523 3437 705 3523 vectigalia
730 3435 895 3509 maxima,
917 3435 1071 3500 fortunae
1095 3437 1256 3522 plurimo·

204 3560 279 3602 rum
297 3535 421 3601 civium
440 3536 643 3625 conjunctae
661 3558 738 3600 cum
756 3536 946 3621 republica
964 3536 1202 3601 defendantur.

249 3653 398 3700 v111.20.
424 3633 598 3718 Qioniam
628 3637 670 3700 de
703 3657 831 3722 genere
864 3636 944 3700 belli
976 3636 1060 3710 dixi,
1090 3658 1182 3701 nunc
1213 3639 1255 3704 de

206 3736 442 3822 magnitudine
460 3755 570 3818 pauca
589 3735 714 3797 dicam.
756 3734 872 3799 Potest
889 3736 954 3799 hoc
971 3736 1062 3798 enim
1081 3736 1160 3811 dici,
1176 3737 1255 3802 belli
1334 3775 1335 3791 .

158 3853 188 3906 35
205 3857 315 3920 genus
332 3855 407 3897 esse
425 3833 470 3896 ita
489 3833 721 3896 necessarium
740 3845 775 3896 ut
799 3834 841 3896 sit
865 3834 1069 3918 gerendum,
1088 3857 1156 3899 non
1181 3859 1255 3901 esse

206 3933 250 3997 ita
276 3952 442 4016 magnum
466 3941 502 3993 ut
525 3929 568 3993 sit
592 3931 914 4014 pertimescendum.
964 3932 1004 3996 In
1021 3955 1088 4020 quo
1106 3934 1254 4000 maxime
