2716 4266
208 220 271 290 242
431 199 501 268 The
525 199 695 290 Struggle
718 204 859 289 against
881 201 1035 290 Antony.
1059 199 1162 272 [an
1180 200 1262 254 Xtv.

207 405 320 472 sulatu
338 425 414 469 meo
430 404 535 479 testis,
554 403 725 478 conscius,
748 404 894 492 adjutor,
916 403 1068 469 dolorem
1085 402 1178 468 ferre
1195 425 1263 468 non
1343 477 1344 482 γ

209 504 314 589 potuit
352 504 480 570 doloris
515 505 594 568 mei.
652 503 857 570 Contionem
897 505 1016 569 habuit
1054 505 1262 577 maximam,
1343 497 1344 516 ³

208 605 336 690 populo
353 604 513 669 Romano
534 627 639 668 unum
666 616 765 691 atque
790 605 880 669 idem
906 605 1080 670 sentiente.
1130 605 1172 668 In
1198 627 1265 691 qua

209 706 367 771 contione
394 726 472 771 cum
500 727 554 770 me
581 727 641 790 pro
667 727 801 770 summa
830 718 944 770 nostra
969 705 1215 793 conjunctione
1236 718 1266 768 et

156 821 171 876 5
210 807 438 872 familiaritate
470 806 615 870 liberare
647 807 833 890 suspitione
866 806 1010 870 fascium
1041 807 1162 878 vellet,
1197 826 1265 868 una

210 928 294 972 voce
311 920 434 972 cuncta
451 907 563 972 contio
580 906 768 972 declaravit
785 907 869 970 nihil
887 927 962 971 esse
978 927 999 970 a
1017 927 1072 970 me
1096 927 1266 992 umquam

210 1009 313 1074 dere
337 1008 474 1093 publica
499 1007 563 1072 nisi
585 1007 712 1091 optime
733 1005 933 1094 cogitatum.
982 1005 1062 1071 Post
1086 1007 1180 1070 hanc
1207 1007 1267 1068 ha-

209 1107 314 1172 bitam
347 1108 541 1173 contionem
573 1107 707 1172 duabus
741 1106 890 1171 tribusve
926 1106 1031 1179 horis,
1059 1105 1266 1189 optatissimi

210 1207 318 1272 nuntii
342 1219 375 1272 et
399 1207 529 1272 litterae
553 1218 741 1271 venerumt
775 1216 811 1270 ut
838 1205 928 1270 idern
957 1205 1031 1270 dies
1061 1227 1132 1270 non
1163 1206 1267 1270 modo

161 1330 193 1370 10
210 1307 423 1392 iniquissima
442 1328 496 1372 me
512 1306 641 1371 invidia
659 1306 820 1380 liberarit,
838 1306 901 1370 sed
917 1305 1018 1370 etiam
1036 1305 1267 1370 celeberrima

211 1407 327 1492 populi
345 1406 495 1472 Romani
513 1405 741 1492 gratulatione
758 1404 903 1470 auxerit.

255 1523 296 1571 tr.
330 1505 427 1570 Haec
455 1505 653 1592 interposui,
677 1520 790 1590 patres
818 1504 1014 1589 conscripti,
1033 1526 1102 1569 non
1130 1517 1203 1568 tam
1233 1516 1268 1567 ut

212 1630 273 1693 pro
305 1629 359 1672 me
392 1606 709 1671 dicerem-male
741 1605 831 1670 enirn
866 1624 1001 1668 mecum
1034 1618 1211 1690 ageretur,
1240 1605 1266 1668 si

213 1729 333 1793 parum
352 1707 447 1771 vobis
471 1727 582 1770 essem
599 1705 672 1770 sine
689 1705 888 1770 defensione
914 1717 1079 1791 purgatus
1097 1726 1265 1789 -quam

163 1829 193 1882 ις
213 1821 247 1872 ut
271 1808 437 1894 quosdam
463 1807 564 1870 nimis
584 1807 701 1893 jejuno
719 1805 833 1870 animo
850 1816 883 1868 et
899 1816 1046 1891 angusto
1071 1825 1264 1878 monerem,

212 1909 246 1974 id
263 1909 354 1995 quod
371 1929 506 1991 semper
524 1907 595 1991 ipse
613 1906 784 1979 fecissem,
803 1903 850 1969 uti
868 1903 1108 1968 excellentium
1135 1904 1265 1967 civium

212 2009 368 2073 virtutem
409 2007 593 2070 imitatione
634 2005 789 2092 dignam,
823 2025 890 2068 non
924 2002 1052 2080 invidia
1090 2016 1264 2088 putarent.

214 2109 367 2196 Magnus
391 2118 442 2172 est
465 2107 499 2171 in
517 2106 706 2191 republica
724 2125 880 2188 campuS,
900 2115 935 2168 ut
952 2104 1123 2189 sapienter
1148 2105 1266 2169 dicere
1343 2099 1344 2130 r

213 2209 360 2276 Crassus
392 2208 534 2275 solebat,
562 2206 676 2270 multis
709 2217 846 2288 apertus
879 2225 999 2270 cursus
1032 2206 1076 2269 ad
1108 2205 1264 2269 laudem.

161 2321 276 2374 20v11.
305 2309 445 2375 Utinam
477 2307 614 2394 quidem
647 2306 695 2369 illi
728 2305 900 2390 principes
923 2304 1089 2378 viverent,
1117 2305 1176 2391 qui
1211 2328 1266 2370 me

213 2423 288 2495 post
308 2430 421 2474 meum
449 2407 677 2476 consulatum,
696 2427 774 2470 cum
801 2406 851 2469 eis
878 2405 952 2489 ipse
978 2405 1150 2477 cederem,
1171 2404 1265 2490 prin-

213 2513 323 2596 cipem
358 2531 423 2573 non
456 2507 549 2571 inviti
583 2503 765 2571 videbant!
814 2505 892 2570 Hoc
923 2525 1004 2570 vero
1036 2517 1203 2589 tempore,
1231 2507 1264 2570 in
1343 2571 1344 2596 ᾖ

212 2622 304 2674 tanta
323 2597 437 2694 inopia
463 2608 688 2672 constantium
714 2619 746 2672 et
769 2606 904 2670 sortium
930 2593 1175 2680 consularium,
1194 2627 1265 2692 quo
1343 2597 1344 2626 ³

213 2733 267 2775 me
292 2710 407 2778 dolore
425 2709 526 2774 adfici
544 2708 693 2782 creditiS,
713 2729 790 2772 cum
809 2707 893 2770 alios
911 2706 1001 2769 male
1018 2704 1156 2780 sentire,
1176 2706 1265 2771 alios
1343 2715 1344 2776 ἶ

160 2815 193 2871 25
213 2812 296 2875 nihil
325 2810 464 2875 omnino
491 2829 611 2873 curare
637 2809 785 2879 videam,
810 2807 894 2871 alios
922 2826 1042 2890 parum
1068 2817 1267 2870 constanter

212 2913 246 2976 in
264 2924 421 2996 suscepta
438 2930 543 2974 causa
561 2931 774 2995 permanere,
789 2906 1060 2992 sententiamque
1077 2927 1176 2970 suam
1194 2929 1265 2972 non

212 3033 348 3096 semper
371 3010 512 3074 utilitate
537 3010 584 3073 rei
610 3011 779 3093 publicae,
798 3007 945 3072 sedtum
963 3027 1024 3091 spe
1045 3018 1116 3070 tum
1140 3007 1265 3072 timore

213 3110 405 3177 moderari?
451 3128 491 3174 18.
524 3109 627 3193 Quod
645 3111 671 3173 si
689 3111 765 3194 quis
783 3109 825 3173 de
850 3107 1064 3181 contentione
1090 3107 1264 3192 principa·

212 3227 265 3280 tus
289 3214 432 3286 laborat,
452 3235 541 3299 quae
565 3202 658 3286 nulla
676 3234 750 3275 esse
768 3212 880 3285 debet,
899 3210 1094 3275 stultissime
1119 3209 1214 3284 facit,
1234 3210 1261 3274 si

162 3321 198 3376 30
214 3315 300 3378 vitiis
317 3333 393 3387 curn
413 3314 533 3377 virtute
550 3313 741 3377 contendit:
767 3324 803 3374 ut
819 3312 909 3376 enirn
931 3331 1032 3374 cursu
1058 3330 1191 3374 cursus
1212 3311 1262 3374 sic
1343 3391 1344 3396 η

213 3414 246 3478 in
263 3414 344 3477 viris
361 3413 500 3477 sortibus
517 3413 621 3476 virtus
639 3413 757 3476 virtute
775 3423 964 3494 superatur.
998 3409 1068 3483 Tu,
1088 3411 1115 3476 si
1133 3431 1200 3496 ego
1219 3412 1261 3474 de

214 3535 248 3578 re
266 3513 402 3598 publica
420 3514 545 3598 optime
563 3512 718 3584 sentiam,
738 3522 773 3575 ut
791 3532 845 3574 me
862 3513 993 3583 vincaS,
1013 3510 1086 3594 ipse
1111 3511 1260 3594 pessime

213 3611 359 3677 senties?
392 3625 460 3674 aut.
480 3613 506 3674 si
527 3613 567 3676 ad
588 3633 640 3674 me
657 3612 823 3675 bonorum
842 3631 1045 3674 concursum
1070 3610 1142 3674 fieri
1168 3611 1261 3674 vide·

213 3711 278 3780 bis,
304 3710 347 3773 ad
372 3722 403 3772 te
428 3709 599 3792 improbos
630 3708 812 3771 invitabis?
859 3709 1012 3781 Nollem,
1040 3709 1186 3792 primurn
1213 3710 1259 3772 rei

165 3819 198 3875 35
215 3809 370 3890 publicae
397 3827 513 3876 causa,
529 3807 653 3871 deinde
678 3807 779 3870 etiam
797 3806 972 3891 dignitatis
998 3818 1088 3871 tuae.
1138 3807 1211 3872 sed
1234 3811 1259 3872 si

213 3905 423 3990 principatus
448 3916 620 3990 ageretur,
648 3925 750 3990 quem
775 3925 962 3990 numquam
988 3906 1150 3991 expetivi,
1178 3908 1259 3994 quid
