2668 4262
201 162 265 244 138
473 163 687 250 Ct'tzkcnslrr'p
710 164 758 252 af
770 162 936 230 Archias.
1124 161 1246 230 ’[ΑΒΕΕ

198 373 269 426 tum
287 385 361 428 esse
379 364 512 428 dixerit.
563 363 609 428 In
627 365 704 428 bis
696 365 799 452 igitur
817 366 942 430 tabulis
961 366 1092 429 nullam
1111 365 1246 429 lituram
1328 443 1329 456 χ

199 462 450 528 innomineA.
470 465 785 571 Licinividetiqu
1101 530 1105 536 ,
1328 459 1329 462 “

243 581 286 626 lo.
349 585 413 629 uae
429 586 508 628 cum
526 567 570 630 ita
588 566 666 639 sint,
685 549 834 650 quidest
849 567 939 651 quod
961 567 1052 631 de
1022 589 1095 653 ejus
1113 566 1249 630 civitate

199 663 370 739 dubitetis,
398 667 596 749 praesertim
627 687 704 730 cum
734 666 809 729 aliis
835 687 968 751 quoque
995 666 1029 728 in
1056 667 1251 729 civitatibus

167 763 298 844 5iuerit
314 764 514 850 ascriptus?
562 765 696 830 Etenim
722 786 800 829 cum
827 766 1052 830 mediocribus
1078 765 1195 829 multis
1221 777 1253 828 et

200 877 258 928 aut
272 866 367 929 nulla
385 877 442 930 aut
458 866 578 929 humili
595 866 710 950 aliqua
727 877 799 929 arte
815 866 977 950 praeditis
1001 867 1150 952 gratuito
1167 866 1255 929 civi-

198 975 302 1029 tatem
318 965 351 1029 in
365 964 514 1030 Graecia
532 966 688 1030 homines
704 965 955 1050 impertiebant,
971 966 1128 1053 Reginos
1146 966 1255 1030 credo

200 1077 257 1130 aut
273 1064 457 1130 Locrensis
484 1080 541 1130 aut
566 1065 815 1149 Neapolitanos
840 1077 899 1130 aut
919 1066 1139 1140 Tarentinos
1157 1066 1257 1150 quod

200 1165 345 1230 scenicis
376 1165 561 1232 artificibus
591 1165 710 1252 largiri
742 1166 909 1240 solebant,
935 1165 970 1230 id
1003 1166 1082 1230 buic
1114 1186 1258 1230 summa

151 1292 181 1328 10
200 1266 317 1353 ingeni
343 1267 496 1350 praedito
521 1267 631 1353 gloria
658 1265 829 1330 noluissei
888 1264 982 1352 Quid
1002 1264 1016 1330 ?
1040 1287 1118 1330 cum
1146 1266 1258 1330 ceteri

199 1389 268 1430 non
286 1367 386 1431 modo
404 1380 478 1452 post
495 1367 665 1430 civitatem
693 1367 822 1441 datam,
841 1367 902 1430 sed
925 1368 1025 1430 etiam
1044 1378 1118 1452 post
1135 1367 1258 1453 legem

200 1466 344 1551 Papiam
369 1467 483 1553 aliquo
508 1468 609 1531 modo
633 1467 668 1528 in
693 1487 810 1530 eorum
836 1467 1098 1552 municipiorum
1116 1468 1258 1531 tabulas

201 1567 428 1652 inrepserunt,
447 1567 516 1642 hic,
538 1566 596 1652 qui
620 1588 663 1630 ne
687 1567 790 1630 utitur
813 1567 952 1653 quidem
978 1568 1044 1631 illis
1068 1567 1103 1631 in
1127 1568 1257 1652 quibus

201 1680 252 1732 est
268 1666 425 1752 scriptus
443 1667 535 1754 quod
553 1688 688 1751 semper
705 1689 741 1731 se
760 1667 1021 1731 Heracliensem
1039 1689 1113 1731 esse
1131 1669 1256 1740 voluit,

153 1791 181 1842 ¹5
201 1765 389 1831 reicietur?
443 1782 480 1828 11.
513 1764 648 1831 Census
680 1777 812 1830 nostros
835 1767 978 1851 requiris
1003 1768 1141 1831 scilicet.
1193 1767 1259 1830 Est

67 1867 73 1869 ’
201 1867 292 1931 enim
309 1867 491 1931 obscurum
518 1866 682 1951 proximis
709 1866 907 1930 censoribus
930 1867 1022 1930 hunc
1039 1888 1116 1930 cum
1134 1867 1260 1930 claris-

201 1967 288 2031 simo
314 1966 516 2050 imperatore
542 1965 586 2029 L.
612 1964 760 2030 Lucullo
789 1966 880 2050 apud
909 1967 1094 2031 exercitum
1123 1967 1258 2040 fu³sse;

202 2066 445 2150 superioribus,
476 2087 553 2129 cum
586 2066 707 2130 eodem
740 2079 920 2151 quaestore
949 2066 1052 2130 fuisse
1081 2066 1113 2128 in
1144 2066 1260 2141 Asia3

202 2165 320 2251 primis
339 2164 432 2252 Julio
449 2178 481 2229 et
498 2164 625 2229 Crasso
642 2166 771 2228 nullam
789 2165 907 2249 populi
933 2178 1062 2251 partem
1081 2188 1154 2229 esse
1171 2187 1262 2230 cen·

152 2289 183 2323 20
203 2286 289 2331 sam.
338 2264 636 2350 Sed-quoniam
653 2285 776 2328 census
794 2287 861 2328 non
882 2264 939 2377 jus
964 2265 1107 2330 civitatis
1129 2267 1261 2328 contir-

116 2417 160 2468 t.
203 2379 284 2443 mat,
300 2388 341 2432 ac
357 2377 486 2431 tantum
505 2365 606 2430 modo
623 2364 750 2429 indicat
762 2387 839 2428 eum
854 2365 911 2450 qui
926 2365 967 2429 sit
980 2387 1102 2430 census
1118 2364 1201 2452 [ita]
1220 2388 1260 2430 se

142 2469 366 2572 jamtum
388 2465 537 2554 gessisse
563 2487 623 2551 pro
641 2465 770 2529 cive—
779 2465 829 2529 eis
846 2466 1054 2577 temporibus
1077 2466 1202 2551 quibus
1222 2479 1260 2530 tu

8 2623 47 2664 ·.
90 2585 154 2660 φρ
167 2549 393 2634 criminaris
417 2589 461 2632 ne
484 2587 592 2651 ipsius
608 2565 746 2651 quidem
772 2564 935 2652 judicio
927 2565 1104 2629 mcivium
1121 2565 1261 2629 Roma·
1328 2615 1329 2672 q

4 2673 6 2676 ’
58 2683 70 2711 >
202 2692 323 2734 norum
352 2669 428 2756 jure
453 2688 528 2732 esse
546 2678 729 2738 versatum,
749 2678 782 2728 et
797 2677 1035 2729 testamentum
1053 2687 1156 2750 saepe
1173 2665 1262 2731 fecit
1328 2675 1329 2704 ¹

154 2771 325 2838 2sn0stris
357 2769 503 2856 legibus
534 2779 567 2832 et
602 2766 684 2830 adiit
722 2766 928 2829 hereditates
960 2765 1085 2829 civium
1122 2766 1261 2831 Rorna-

202 2892 337 2942 norum,
356 2881 389 2934 et
410 2869 446 2932 in
474 2866 649 2932 beneficiis
674 2866 718 2930 ad
746 2865 916 2930 aerarium
944 2866 1076 2930 delatus
1099 2879 1185 2930 esta
1208 2867 1257 2931 L.
1328 2879 1329 2906 t

202 2968 350 3034 Lucullo
375 2991 435 3054 pro
458 2968 610 3032 consule.
658 2987 709 3030 vr.
737 2965 878 3049 Quaere
905 2979 1120 3052 argumenta,
1139 2966 1260 3052 siqua

203 3080 319 3153 potest
341 3079 529 3153 nu'mquam
547 3067 636 3130 enim
655 3067 711 3131 hic
727 3088 838 3152 neque
856 3089 918 3130 suo
936 3087 1046 3151 neque
1064 3068 1258 3132 amicorum

207 3168 336 3255 judicio
357 3169 560 3232 revincetur.
588 3223 598 3255 x
1328 3219 1329 3222 ,

155 3287 187 3336 30
246 3283 288 3330 12.
325 3266 481 3350 Quaeres
509 3288 528 3330 a
556 3263 667 3338 nobis,
696 3264 806 3339 Grati,
837 3286 897 3329 cur
928 3276 1020 3330 tanto
1053 3287 1154 3350 opere
1186 3269 1257 3332 hoc
1328 3331 1329 3344 ἶ

203 3369 341 3433 homine
379 3369 599 3432 delectemur.
670 3363 763 3448 Quia
788 3366 983 3450 suppeditat
1013 3367 1111 3430 nobis
1137 3367 1193 3430 ubi
1222 3379 1257 3434 et
1328 3355 1329 3382 ³

203 3468 338 3532 animus
355 3489 398 3531 ex
416 3468 481 3530 hoc
505 3463 629 3529 sorensi
647 3464 786 3548 strepitu
804 3458 986 3540 reficiatur,
1006 3477 1039 3530 et
1056 3487 1155 3529 aures
1173 3487 1254 3530 con-

203 3567 283 3631 vitio
303 3567 458 3630 defessae
475 3563 729 3650 conquiescant.
780 3563 835 3626 An
855 3577 889 3626 tu
907 3566 1082 3630 existimas
1101 3579 1157 3630 aut
1173 3587 1254 3650 sup-

203 3678 318 3752 petere
350 3665 447 3728 nobis
483 3685 582 3747 posse
621 3662 711 3747 quod
744 3663 866 3726 cotidie
906 3665 1061 3730 dicamus
1094 3667 1127 3729 in
1160 3678 1251 3730 tanta

157 3785 187 3833 35
203 3764 365 3828 varietate
389 3783 516 3832 rerum,
535 3761 599 3824 nisi
623 3761 756 3824 animos
781 3771 912 3826 nostros
937 3765 1090 3830 doctrina
1115 3768 1253 3832 excola·

205 3884 302 3954 [nus5
335 3872 393 3946 aut
423 3859 511 3945 ferre
539 3858 672 3944 animos
699 3870 827 3944 tantam
855 3881 957 3946 posse
985 3867 1250 3941 contentionem,
1328 3879 1329 3930 ζ
