2668 4262
207 229 272 296 180
473 247 476 252 '
558 229 716 319 Desence
738 235 787 318 os
799 231 900 300 Μίῖο.
948 243 953 258 ³
1151 231 1259 304 [an

251 449 286 495 x.
309 435 356 496 ατ.
380 429 520 496 Interim
536 453 616 498 cum
633 432 734 500 sciret
749 431 893 500 Clodius
903 455 1069 524 -neque
1082 436 1178 502 enirn
1191 449 1260 503 erat

205 530 343 596 difficile
367 532 582 598 scire-iter
606 534 784 609 sollemne,
803 535 1007 622 legitimum,
1025 543 1258 604 necessarium

207 644 284 694 ante
302 631 392 694 diem
405 651 488 722 xm.
504 631 682 698 Kalendas
696 633 902 699 Februarias
917 635 1040 700 Miloni
1054 659 1130 703 esse
1144 637 1259 703 Lanu-

207 731 299 793 vium
329 732 372 794 ad
401 731 575 796 flaminem
604 735 833 818 prodendum,
871 733 979 821 [quod
1018 739 1090 802 er'at
1116 739 1260 804 dictator
1331 749 1332 760 ¹

158 862 172 916 5
208 829 343 894 Lanuvi
358 829 477 919 Milo‚]
494 831 607 896 Roma
626 833 735 898 subito
753 833 826 918 ipse
841 835 1012 918 profectus
1025 839 1135 923 pridie
1148 851 1212 914 est,
1228 853 1261 902 ut

208 945 286 996 ante
306 953 405 996 suum
423 932 579 1007 fundum,
598 935 691 1019 quod
708 955 744 998 re
761 934 970 1014 intellectum
988 951 1050 1013 est,
1069 937 1194 1004 Miloni
1213 940 1260 1002 in-

208 1033 311 1098 sidias
329 1034 535 1098 conlocaret.
564 1031 684 1120 'Atque
698 1034 743 1098 ita
757 1030 932 1120 proiectus
941 1050 1003 1112 est,
1018 1049 1057 1102 ut
1066 1040 1261 1104 contionem

207 1135 450 1210 turbulentam,
468 1133 503 1198 in
525 1155 593 1219 qua
618 1133 691 1222 ejus
716 1133 809 1200 furor
832 1137 1043 1203 desideratus
1067 1150 1130 1214 est,
1154 1138 1262 1226 [quae

208 1237 266 1303 illo
291 1238 364 1322 ipso
389 1235 444 1300 die
469 1234 584 1298 habita
610 1235 693 1323 est,]
715 1237 932 1324 relinqueret,
951 1259 1055 1324 quarn
1078 1238 1144 1304 nisi
1166 1239 1262 1304 obire

158 1341 190 1409 ,ὁ
208 1337 369 1402 facinoris
394 1337 507 1403 locum
534 1327 737 1423 tempusque
765 1337 939 1417 voluisset,
962 1358 1151 1424 numquam
1184 1339 1264 1402 reli·

207 1440 347 1524 quisset.
391 1453 438 1501 as.
463 1435 549 1501 Milo
567 1449 681 1501 autem
699 1437 829 1501 cumin
850 1450 969 1502 senatu
989 1437 1107 1502 fuisset
1127 1459 1170 1501 eo
1192 1438 1262 1513 die,

207 1539 322 1624 quoad
346 1549 483 1603 senatus
509 1549 559 1602 est
583 1537 756 1612 dimissus,
775 1537 914 1602 domum
936 1536 1049 1610 venit3
1074 1537 1213 1602 calceos
1233 1549 1266 1602 et

206 1639 409 1702 vestimenta
433 1637 595 1710 mutavit;
628 1637 816 1723 paulisper,
842 1638 924 1701 dum
948 1659 985 1702 se
1008 1657 1095 1701 uxor
1122 1639 1179 1723 (ut
1208 1638 1261 1722 fit)

208 1750 397 1823 comparat,
427 1751 658 1803 commoratus
690 1749 761 1811 est3
802 1737 880 1802 dein
913 1737 1083 1822 profectus
1114 1737 1151 1802 id
1178 1749 1266 1802 tem·
1331 1815 1332 1820 γ

97 1838 99 1842 ’
158 1863 186 1917 ¹3
208 1840 298 1922 poris
326 1860 405 1902 cum
433 1839 505 1926 jam
535 1836 694 1911 Clodius,
723 1837 751 1900 si
779 1837 918 1924 quidem
950 1860 991 1903 co
1023 1837 1078 1902 die
1110 1837 1265 1902 Romam
1331 1841 1332 1856 ¹

206 1951 369 2002 venturus
382 1951 467 2013 erat,
483 1939 593 2002 redire
609 1929 784 2022 potuisset.
834 1937 889 2002 Ob
902 1936 992 2001 viam
1010 1937 1046 2002 fit
1058 1937 1088 2001 ei
1103 1935 1263 2012 Clodius,

208 2039 400 2123 expeditus,
422 2039 457 2102 in
481 2060 583 2125 equo,
605 2038 700 2101 nulla
724 2037 843 2111 raeda,
862 2037 963 2101 nullis
988 2037 1264 2123 impedimentis;

165 2177 170 2189 ι
208 2139 309 2203 nullis
327 2138 471 2204 Graecis
488 2139 680 2213 comitibus,
699 2150 736 2201 ut
759 2138 909 2212 solebat3
934 2137 1008 2203 sine
1031 2157 1152 2210 uxore,
1170 2139 1268 2223 quod

208 2260 393 2326 numquam
420 2238 511 2304 lere:
544 2259 623 2302 curn
648 2238 704 2302 hic
727 2237 916 2312 insidiator,
939 2237 996 2323 qui
1021 2237 1083 2301 iter
1104 2236 1191 2302 illud
1221 2238 1266 2302 ad

153 2356 187 2393 20
207 2339 348 2403 caedem
366 2338 561 2403 faciendam
580 2350 792 2423 apparasset‚
806 2359 883 2402 cum
901 2357 1008 2402 uxore
1024 2335 1210 2401 veheretur
1229 2338 1266 2402 in

207 2441 324 2512 raeda,
343 2441 560 2525 paenulatus,
587 2459 714 2525 magno
739 2451 772 2502 et
795 2437 956 2522 impedito
980 2448 1013 2502 et
1039 2437 1196 2501 muliebri
1223 2459 1266 2502 ac

206 2536 351 2604 delicato
369 2539 571 2604 ancillarum
591 2559 841 2624 puerorumque
858 2538 1029 2603 comitatu.
1075 2553 1123 2601 29.
1146 2536 1204 2602 Fit
1220 2538 1265 2603 ob

206 2639 297 2702 viam
314 2639 438 2704 Clodio
455 2652 532 2704 ante
551 2639 693 2704 fundum
712 2639 785 2727 ejus
803 2638 886 2702 hora
903 2637 973 2702 lere
989 2637 1188 2713 undecima,
1206 2650 1266 2703 aut
1331 2639 1332 2666 l

206 2731 274 2803 non
294 2739 397 2804 multo
414 2761 524 2804 secus.
575 2738 697 2807 Statim
716 2739 909 2824 complures
926 2758 1004 2803 cum
1021 2738 1097 2803 telis
1114 2737 1149 2802 in
1167 2739 1265 2804 hunc

152 2848 184 2902 25
207 2835 335 2904 faciunt
351 2841 393 2906 de
411 2842 487 2906 loco
503 2839 677 2928 superiore
698 2839 884 2924 impetum:
910 2837 1045 2904 adversi
1062 2839 1264 2904 raedarium
1331 2869 1332 2926 3

205 2941 376 3006 occidunt.
410 2941 501 3007 Cum
519 2953 632 3006 autem
650 2941 706 3005 hic
723 2941 766 3004 de
779 2939 883 3003 raeda
897 2937 1021 3026 rejecta
1035 2940 1185 3024 paenula
1201 2940 1263 3005 de·

205 3041 364 3116 siluisset,
380 3064 484 3129 seque
499 3043 568 3107 acri
583 3041 698 3106 animo
713 3038 922 3112 defenderet,
935 3037 983 3103 illi
994 3039 1052 3124 qui
1065 3050 1162 3103 erant
1178 3060 1262 3104 curn
1331 3079 1332 3122 3

205 3137 341 3214 Clodio,
370 3143 494 3230 gladiis
520 3142 663 3216 eductiS,
687 3139 808 3226 partim
833 3159 1007 3202 recurrere
1032 3138 1076 3202 ad
1100 3139 1260 3215 raedam,

204 3256 240 3308 ut
268 3258 408 3332 atergo
433 3243 599 3308 Milonem
624 3241 856 3313 adorirentur3
887 3237 1022 3322 partim,
1046 3238 1137 3324 quod
1164 3239 1263 3305 hunc
1331 3243 1332 3308 l

149 3354 183 3406 30
203 3345 273 3429 jam
292 3344 503 3409 intersectum
521 3352 688 3427 putarent,
702 3341 846 3403 caedere
860 3338 1027 3422 incipiunt
1038 3338 1111 3424 ejus
1124 3359 1260 3414 servos

205 3439 261 3532 qui
280 3459 355 3532 post
371 3455 487 3508 erant:
513 3464 555 3505 ex
573 3439 695 3527 quibus
712 3439 769 3526 qui
787 3439 901 3503 animo
918 3437 1010 3502 fideli
1027 3437 1062 3500 in
1079 3437 1262 3502 dominum

204 3558 237 3610 et
263 3543 432 3631 praesenti
458 3542 606 3612 suerunt,
627 3539 746 3624 partim
772 3537 875 3602 occisi
904 3549 994 3611 sunt,
1021 3536 1158 3621 partim,
1178 3557 1261 3602 cum

205 3647 249 3708 ad
273 3646 412 3707 raedam
439 3639 586 3725 pugnari
609 3639 775 3710 viderent,
797 3637 935 3702 domino
958 3657 1158 3702 succurrere
1180 3657 1262 3722 pro-

205 3744 414 3811 hiberentur,
433 3739 599 3802 Milonem
624 3737 775 3800 occisum
800 3747 833 3799 et
857 3755 900 3799 ex
924 3735 999 3820 ipso
1015 3735 1140 3801 Clodio
1162 3737 1261 3801 audi·
1331 3807 1332 3810 Ἴ

155 3864 187 3917 35
205 3851 279 3903 rent
303 3851 335 3902 et
351 3860 387 3901 re
410 3857 491 3900 vera
517 3845 685 3918 putarent,
710 3834 862 3898 lecerunt
886 3834 920 3898 id
944 3834 1034 3898 servi
1058 3834 1261 3902 Milonis-

205 3939 318 4002 dicam
338 3935 429 4000 enirn
452 3943 579 4019 aperte,
599 3953 667 3996 non
689 3932 866 3997 derivandi
888 3932 1039 3998 criminis
1056 3954 1177 4012 causa,
1196 3936 1260 4003 sed
1331 3961 1332 3964 ¹
