2668 4262
91 212 141 252 vn.
161 201 213 270 ¹8·]
288 201 446 268 General
465 201 565 270 Fear
588 205 661 268 and
681 204 778 269 Hate
802 203 849 289 of
862 204 945 267 kim.
1098 223 1139 290 91

133 425 198 470 vn.
225 404 330 470 Nunc
358 427 440 470 vero
467 427 556 491 quae
585 418 642 470 tua
667 417 718 470 est
740 405 804 470 ista
829 403 919 469 vita?
966 403 1026 470 Sic
1051 404 1142 469 enim

92 507 165 594 jam
183 519 294 571 tecum
313 507 444 592 loquar,
464 529 531 570 non
550 520 584 570 ut
608 508 687 571 odio
711 519 885 590 permotus
909 527 984 570 esse
1009 507 1140 580 videar,

87 629 155 694 quo
167 607 290 682 debe0,
306 609 366 672 sed
384 620 420 671 ut
433 607 680 681 misericordia,
695 629 783 692 quae
802 606 859 670 tibi
878 607 972 670 nulla
988 607 1140 671 debetur.

85 706 219 773 Venisti
237 709 339 793 paulo
358 721 435 771 ante
452 707 487 769 in
504 721 673 770 senatum.
763 707 813 772 nis
836 721 866 771 te
892 729 934 770 ex
960 709 1025 770 hac
1049 719 1141 770 tanta

85 807 290 894 frequentia,
314 821 361 872 tot
385 829 429 872 ex
453 807 519 872 tuis
544 807 665 872 amicis
682 829 723 871 ac
741 807 943 880 necessariis
960 805 1141 871 salutavit?
1175 835 1189 889 ς

85 907 123 971 Si
142 910 208 972 hoc
224 920 300 992 post
315 908 493 973 hominurn
512 908 712 972 memoriam
730 907 871 994 contigit
887 908 1028 981 nemini,
1048 906 1141 972 vocis

85 1023 268 1093 exspectas
281 1009 537 1082 contumeliam,
550 1029 628 1072 cum
642 1009 688 1072 sis
701 1009 905 1096 gravissimo
918 1008 1047 1096 judicio
1060 1007 1142 1072 taci-

83 1109 253 1173 turnitatis
284 1107 493 1193 oppressus?
542 1107 652 1194 Quid,
684 1110 776 1194 quod
809 1109 957 1174 adventu
989 1121 1046 1174 tuo
1078 1109 1141 1172 ista

84 1209 247 1274 subsellia
265 1208 465 1273 vacuefacta
483 1207 583 1273 sunt?
607 1210 699 1294 quod
715 1231 835 1274 omnes
852 1210 1064 1282 consulares,
1083 1208 1141 1294 qui

83 1309 142 1373 tibi
160 1330 326 1394 persaepe
345 1310 388 1373 ad
406 1309 548 1373 caedem
567 1309 735 1373 constituti
754 1310 903 1385 suerunt,
922 1309 1020 1374 simul
1039 1322 1140 1394 atque
1160 1341 1187 1374 ιο

84 1409 261 1481 adsedisti,
280 1423 410 1494 partem
428 1408 527 1474 istam
546 1410 786 1474 subselliorum
811 1411 938 1474 nudam
965 1423 1065 1496 atque
1090 1410 1141 1472 in-

84 1529 185 1574 anem
218 1510 439 1595 reliquerunt‚
463 1531 532 1595 quo
560 1510 698 1574 tandem
731 1509 846 1574 animo
873 1511 932 1574 tibi
962 1511 1140 1574 serendum

83 1608 206 1694 putas?
251 1626 292 1673 ιτ.
317 1609 416 1674 Servi
431 1609 658 1695 (mehercule)
675 1611 742 1674 mei
755 1610 782 1674 si
801 1632 854 1674 me
872 1611 935 1675 isto
953 1623 1052 1695 pacto
1070 1632 1140 1674 me-

82 1721 228 1785 tuerent,
246 1723 283 1774 ut
299 1722 331 1774 te
348 1720 503 1774 metuunt
519 1729 639 1774 omnes
661 1709 754 1774 cives
777 1710 839 1784 tui,
861 1711 1001 1775 domum
1026 1731 1139 1774 meam

82 1811 344 1897 relinquendam
369 1823 547 1894 putarem:
579 1822 614 1874 tu
639 1809 697 1874 tibi
720 1811 840 1874 urbem
857 1832 926 1875 non
944 1809 1186 1888 arbitraris?r5
1254 1857 1256 1860 -
1327 1867 1328 1876 ,

83 1923 126 1985 et,
146 1911 174 1976 si
195 1933 248 1975 me
266 1911 350 1974 meis
371 1910 504 1975 civibus
526 1909 650 1998 injuria
674 1925 870 1994 suspectum
896 1921 965 1975 tarn
990 1910 1141 1998 graviter

82 2023 184 2097 atque
212 2010 381 2076 offensum
412 2009 577 2083 viderem,
603 2031 720 2074 carere
754 2033 809 2074 me
842 2024 980 2096 aspectu
1013 2011 1139 2075 civium

82 2132 185 2197 quam
200 2111 330 2175 infestis
344 2111 496 2174 omnium
510 2110 618 2174 oculis
631 2111 790 2195 conspici⁴
800 2114 948 2188 mallem,
973 2111 1043 2186 Tu,
1060 2133 1139 2177 cum

80 2211 292 2278 conscientia
309 2214 478 2276 scelerum
495 2221 630 2274 tuorum
648 2197 820 2296 agnoscas
842 2213 958 2276 odium
983 2213 1138 2276 omnium

86 2310 217 2399 justum
242 2323 274 2375 et
293 2311 365 2398 jam
383 2311 441 2374 diu
459 2311 519 2374 tibi
536 2310 702 2384 debitum,
721 2311 856 2376 dubitas
872 2333 1017 2397 quorum
1044 2334 1138 2376 rnen-
1155 2337 1185 2374 ω

81 2411 121 2476 tis
142 2431 333 2496 sensusque
355 2411 529 2484 volneraS,
548 2431 666 2474 eorum
692 2424 867 2494 aspectum
894 2413 1139 2496 praesentiam-

81 2533 147 2597 que
166 2509 306 2575 vitare?
336 2509 374 2575 Si
392 2522 424 2574 te
442 2523 601 2594 parentes
616 2511 775 2574 timerent
792 2523 891 2596 atque
908 2512 1060 2576 odissent
1075 2512 1136 2586 tui,

81 2633 194 2700 neque
219 2633 278 2676 eos
301 2611 372 2674 ulla
397 2611 528 2674 ratione
554 2613 691 2694 placare
712 2633 842 2696 posses,
861 2624 895 2676 tu
917 2613 1073 2698 (opinor)
1094 2613 1138 2678 ab

81 2733 200 2778 eorum
216 2712 324 2777 oculis
341 2710 456 2796 aliquo
473 2711 693 2775 concederes.
740 2710 844 2776 Nunc
860 2725 891 2776 te
909 2713 1029 2796 patria,
1049 2734 1137 2799 quae

82 2812 274 2877 communis
296 2822 346 2875 est
362 2831 488 2894 parens
505 2811 658 2874 omnium
676 2823 841 2885 nostrum,
860 2813 931 2877 odit
948 2833 988 2876 ac
1005 2813 1134 2888 metuit,
1154 2837 1182 2886 ²5

82 2923 114 2976 et
125 2913 199 3001 jam
217 2911 275 2977 diu
292 2923 323 2982 te
341 2910 426 2974 nihil
446 2909 578 2998 judicat
594 2911 658 2974 nisi
684 2911 726 2974 de
752 2912 933 2996 parricidio
958 2934 1019 2976 suo
1044 2913 1138 3000 cogi-

81 3022 174 3076 tare:
203 3011 304 3099 hujus
325 3022 360 3074 tu
380 3031 493 3095 neque
514 3011 748 3075 auctoritatem
768 3013 944 3086 verebere,
963 3033 1028 3076 nec
1047 3013 1138 3100 judi·

82 3112 172 3176 cium
189 3132 346 3198 sequere,
367 3130 432 3174 nec
448 3110 516 3174 vim
536 3110 778 3195 pertimesces?

125 3231 166 3278 1⁸.
191 3212 293 3298 Quae
312 3223 439 3284 tecum,
460 3210 622 3286 Catilina,
642 3212 691 3276 sic
711 3212 794 3298 agit,
814 3224 847 3277 et
865 3214 1014 3299 quodam
1035 3214 1136 3278 modo

83 3315 182 3379 tacita
198 3311 367 3399 loquitur:
394 3311 560 3377 ‘Nullum
578 3311 651 3399 jam
669 3312 797 3398 aliquot
814 3314 912 3377 annis
928 3312 1060 3378 facinus
1077 3337 1136 3378 ex·
1152 3338 1183 3386 30

84 3414 160 3479 stitit
176 3413 240 3478 nisi
258 3430 318 3499 per
335 3423 380 3487 te,
395 3412 528 3476 nullum
544 3411 713 3498 flagitium
731 3413 872 3477 sinete:
898 3413 956 3478 tibi
973 3413 1032 3477 uni
1050 3417 1137 3478 mul-

85 3522 190 3578 torum
207 3514 334 3578 civium
352 3533 468 3586 neces
486 3511 546 3576 tibi
568 3512 705 3577 vexatio
729 3513 941 3599 direptioque
965 3515 1136 3579 sociorum

85 3612 247 3699 impunita
263 3613 325 3678 suit
342 3634 384 3678 ac
400 3613 529 3677 libera:
558 3623 594 3676 tu
611 3635 680 3676 non
697 3614 807 3676 solum
829 3614 872 3678 ad
897 3615 1135 3702 neglegendas

85 3711 176 3802 leges
194 3725 226 3780 et
245 3715 476 3801 quaestiones,
495 3733 614 3776 verum
639 3713 741 3778 etiam
767 3713 810 3776 ad
834 3715 1036 3778 evertendas
1060 3736 1136 3799 per·
1184 3705 1186 3716 '

85 3811 352 3904 fringendasque
384 3811 532 3877 valuisti.
598 3811 785 3897 Superiora
820 3812 891 3887 illa,
925 3835 1134 3900 quamquam
1151 3841 1182 3892 3⁵

86 3913 223 3984 serenda
248 3939 316 3984 non
340 3915 490 3988 fuerunt,
507 3923 637 3987 tamen,
655 3925 692 3976 ut
713 3912 819 3997 potui,
838 3913 920 3977 tuli:
946 3935 1037 3978 nunc
1054 3937 1134 3978 vero
