2668 4262
213 203 258 266 80
437 199 616 287 Pompey’s
640 199 806 284 Mr'lr'tary
836 197 1036 263 Commnnd.
1134 191 1265 262 [MAML
1322 163 1323 198 l

213 401 274 466 ciis
299 400 465 489 singulari
490 400 699 474 innocentia,
718 399 898 487 gravitate,
917 397 1059 460 virtute:
1084 395 1215 460 bellum
1233 395 1267 456 in

214 500 333 566 Africa
354 502 544 565 maximum
566 501 723 574 confecit,
743 501 905 564 victorem
931 497 1120 561 exercitum
1144 496 1268 578 depor·
1322 491 1323 500 ’

213 601 306 666 tavit.
357 601 452 687 Quid
476 623 557 665 vero
581 614 649 664 tam
675 600 864 664 inauditnm
889 619 992 684 quam
1018 596 1166 682 equitem
1199 594 1268 656 Ro«

215 723 354 765 manum
386 699 618 786 triumphare?
665 700 711 765 At
742 721 819 764 eam
851 719 987 785 quoque
1018 717 1089 760 rem
1120 695 1269 780 populus
1322 727 1323 790 ζ

176 835 199 888 ,ς
215 801 396 865 Romanus
423 823 492 866 non
516 802 619 866 modo
642 801 738 874 vidit,
765 801 826 864 sed
849 799 1003 863 omnium
1028 796 1130 860 etiam
1156 795 1269 858 studio
1322 805 1323 884 ξ

216 902 392 965 visendam
418 914 450 966 et
473 901 781 966 concelebrandam
807 899 948 984 putavit.
1005 915 1053 962 oa.
1078 896 1175 981 Qid
1200 908 1269 957 tam

215 1001 413 1066 inusitatum
426 1021 529 1087 quam
543 1013 592 1074 ut,
607 1021 684 1065 cum
699 1001 767 1065 duo
784 1001 943 1064 consules
960 998 1139 1064 clarissimi
1158 995 1270 1060 fortis
1322 991 1323 1042 ἶ

216 1101 362 1187 simique
378 1113 504 1173 essent,
524 1121 629 1187 eques
648 1100 830 1164 Romanus
855 1100 899 1164 ad
922 1099 1051 1164 bellum
1078 1097 1271 1160 maximum
1322 1081 1323 1152 i

216 1201 640 1288 formidolosissimumque
658 1202 877 1284 proconsule
895 1197 1103 1264 mitteretur?
1138 1195 1273 1260 Missus

170 1333 200 1368 10
217 1313 278 1366 est.
330 1301 411 1386 Quo
434 1303 573 1388 quidem
597 1315 762 1387 tempore,
787 1323 865 1366 cum
891 1313 981 1366 esset
1007 1322 1076 1365 non
1104 1320 1206 1362 nemo
1238 1297 1274 1359 in

217 1414 337 1467 senatu
354 1402 411 1489 qui
429 1404 557 1468 diceret
572 1425 639 1466 non
657 1410 818 1489 oportere
841 1403 935 1466 mitti
954 1403 1123 1465 huminem
1142 1399 1274 1486 priva·
1322 1471 1323 1478 ἵ

216 1511 288 1567 tum
306 1510 378 1590 pro
403 1504 552 1578 consule,
574 1503 617 1567 L.
640 1503 820 1588 Philippus
845 1503 973 1567 dixisse
998 1502 1120 1566 dicitnr
1143 1521 1212 1562 non
1239 1519 1275 1560 sr

217 1603 315 1666 illum
342 1625 406 1668 sua
433 1605 602 1668 sententia
624 1611 696 1690 pro
724 1604 872 1678 consule,
896 1604 959 1666 sed
977 1610 1049 1689 pro
1077 1600 1274 1665 consulibus
1322 1571 1323 1648 l

218 1705 365 1768 mittere.
415 1704 529 1768 Tanta
546 1704 579 1767 in
597 1725 637 1768 eo
655 1703 702 1767 rei
720 1704 878 1788 publicae
895 1705 982 1767 bene
1000 1703 1174 1790 gerendae
1192 1721 1275 1784 spes
1322 1713 1323 1780 g

172 1833 201 1882 ις
219 1805 497 1878 constituebatur,
516 1816 552 1868 ut
568 1804 710 1868 duorum
731 1805 910 1868 consulum
928 1825 1052 1866 munus
1069 1803 1170 1866 unius
1188 1801 1275 1863 adu·
1322 1795 1323 1856 ἶ

219 1904 378 1968 lescentis
405 1904 518 1967 virtuti
546 1904 820 1967 committeretur.
871 1903 967 1989 Quid
994 1915 1063 1966 tam
1095 1901 1276 1988 singulare

219 2025 322 2090 qnam
352 2016 388 2067 ut
415 2025 459 2068 ex
487 2015 626 2068 senatus
654 2003 809 2066 consulto
838 2003 973 2090 legibus
997 2005 1127 2067 solutus
1151 2000 1276 2066 consul
1322 2019 1323 2068 l

220 2116 297 2168 ante
318 2105 425 2178 fieret,
444 2124 547 2190 quam
567 2104 675 2166 ullum
697 2103 801 2166 alium
827 2104 1064 2190 magistratum
1089 2123 1151 2188 per
1175 2103 1275 2188 leges
1322 2099 1323 2170 i

220 2225 343 2290 capere
368 2201 540 2268 licuisset?
571 2203 653 2289 quid
672 2215 740 2267 tam
758 2203 958 2268 incredibile
976 2225 1080 2289 quam
1097 2203 1275 2267 utiterum

173 2331 204 2366 20
220 2325 324 2390 eques
356 2304 538 2368 Romanus
571 2325 615 2367 ex
650 2315 789 2367 senatus
830 2305 984 2369 consulto
1025 2301 1276 2388 triumpharet?

221 2403 323 2488 Quae
340 2403 373 2466 in
391 2403 550 2467 omnibus
571 2402 765 2467 hominibus
785 2425 873 2467 nova
899 2417 974 2488 post
998 2405 1174 2468 hominurn
1202 2425 1276 2467 me·

220 2504 363 2568 moriam
388 2503 568 2568 constituta
593 2514 682 2576 sunt,
705 2523 746 2566 ea
771 2514 838 2566 tam
865 2505 970 2568 multa
989 2527 1055 2568 non
1073 2517 1151 2568 sunt
1167 2526 1275 2590 quarn
1322 2503 1323 2546 ἓ

220 2605 320 2678 haec,
347 2624 435 2690 quae
462 2603 496 2666 in
525 2604 591 2666 hoc
614 2624 683 2666 uno
708 2603 845 2666 homine
870 2605 1040 2668 videmnst
1086 2621 1133 2668 ⁶³.
1156 2605 1275 2691 Atque

220 2707 308 2769 haec
323 2716 371 2768 tot
386 2703 559 2787 exempla,
577 2714 670 2766 tanta
688 2723 728 2766 ac
745 2714 814 2765 tam
839 2725 941 2778 nova,
960 2705 1110 2788 profecta
1135 2718 1212 2770 sunt
1239 2707 1274 2769 in

175 2833 206 2883 ²5
220 2805 367 2868 eundem
386 2803 559 2866 hominem
577 2823 596 2865 a
611 2801 664 2884 Q
677 2801 790 2866 Catuli
812 2816 912 2888 atque
933 2825 952 2867 a
974 2817 1162 2869 ceterorum
1183 2806 1276 2893 ejus·
1322 2865 1323 2878 ἶ

220 2907 299 2970 dem
317 2903 492 2990 dignitatis
509 2902 797 2985 amplissimorum
816 2903 991 2967 hominum
1014 2907 1224 2970 auctoritate.
1322 2925 1323 2954 t

265 3023 357 3068 xx11.
385 3002 465 3089 Qu
479 3024 515 3066 re
528 3002 667 3065 videant
680 3023 722 3064 ne
735 3003 777 3065 sit
790 3003 1006 3089 periniquum
1023 3017 1056 3068 et
1072 3027 1140 3069 non
1158 3006 1275 3070 ferun·
1322 2997 1323 3072 l

221 3105 316 3179 dum,
334 3103 467 3168 illorum
487 3102 718 3165 auctoritatem
740 3102 782 3166 de
807 3101 874 3167 Cn.
895 3103 1036 3188 Pompei
1060 3105 1227 3192 dignitate
1255 3128 1274 3170 a

221 3205 317 3270 vobis
341 3203 598 3288 comprobatam
623 3221 758 3286 semper
782 3223 871 3276 esse,
894 3215 1044 3268 vestrum
1069 3206 1203 3270 abillis
1229 3207 1273 3271 de

175 3333 207 3382 30
222 3306 343 3370 eodem
368 3304 505 3368 homine
525 3302 692 3391 judicium
718 3303 902 3388 populique
923 3303 1073 3368 Romani
1091 3307 1274 3392 auctorita·

221 3419 288 3471 tem
305 3404 512 3489 improbari3
538 3403 737 3486 praesertim
756 3423 834 3466 cum
854 3403 927 3490 jam
945 3427 1006 3469 suo
1027 3405 1105 3492 jure
1124 3407 1272 3492 populus

223 3506 404 3571 Romanus
428 3505 461 3567 in
487 3505 553 3567 hoc
578 3503 714 3567 homine
740 3511 838 3566 suam
864 3505 1095 3570 auctoritatem
1117 3509 1171 3570 vel
1192 3529 1273 3571 con-

222 3619 272 3671 tra
298 3606 409 3670 omnis
435 3603 491 3688 qui
519 3603 719 3666 dissentiunt
745 3602 849 3686 possit
873 3605 1070 3681 defendere,
1092 3620 1271 3692 propterea

223 3706 327 3791 quod,
348 3705 456 3766 isdem
482 3702 553 3764 istis
582 3702 859 3774 reclamantibus
883 3725 942 3766 vos
971 3726 1077 3768 unum
1104 3707 1199 3770 illum
1228 3731 1271 3771 ex

178 3827 210 3878 35
225 3804 382 3868 omnibus
398 3799 573 3884 delegistis
591 3820 690 3883 quem
709 3800 799 3862 bello
817 3803 1028 3882 praedonum
1046 3827 1272 3890 praeponere·

225 3903 279 3966 tis.
327 3917 373 3963 ot.
399 3899 476 3962 Hoc
500 3897 527 3961 si
547 3918 607 3961 vos
624 3909 751 3960 temere
768 3898 907 3974 fecistiS,
926 3913 958 3964 et
974 3903 1021 3966 rei
1039 3906 1198 3990 publicae
1214 3929 1273 3992 pa·
