2668 4262
190 185 255 254 166
443 184 591 250 Cicero’s
613 182 721 248 Exr'le
743 182 817 246 aad
838 181 992 247 Return.
1087 177 1245 248 [SEST1115‚

186 387 245 454 An
274 387 331 474 qui
358 407 419 451 sua
440 397 528 450 tecta
554 383 718 458 defendit,
741 382 797 468 qui
823 383 866 452 ab
892 381 971 456 aris,
993 380 1091 455 focis,
1114 379 1244 444 serrum

187 489 433 572 flammamque
457 484 610 569 depellit,
629 484 684 569 qui
707 483 770 547 sibi
795 483 897 546 licere
921 483 990 545 volt
1013 493 1082 544 tuto
1107 501 1185 544 esse
1209 478 1243 540 in

187 589 273 664 soro,
295 590 329 652 in
354 587 493 670 templo,
519 585 552 647 in
580 584 687 656 curia,
709 582 784 670 jure
811 582 1016 666 praesidium
1042 591 1242 663 comparat;

188 690 245 776 qui
263 688 469 760 volneribus,
489 705 578 769 quae
596 683 704 746 cernit
720 681 842 746 cotidie
862 693 929 745 toto
951 701 1106 764 corpore,
1128 701 1243 742 mone-

136 819 151 876 5
188 803 241 854 tur
269 802 303 855 ut
328 789 442 873 aliquo
468 782 639 869 praesidio
664 794 766 866 caput
790 793 821 844 et
845 781 995 844 cervices
1023 791 1055 843 et
1079 779 1243 866 jugulum

190 911 231 955 ac
252 891 356 954 latera
378 885 675 958 tutetur,—lrunc
700 882 742 945 de
766 881 799 944 vi
825 880 1056 944 accusandum
1082 876 1207 963 putas?

233 1006 277 1054 47.
303 987 390 1072 Quis
410 987 501 1052 enim
523 997 689 1056 nostrum,
705 981 851 1069 judices,
871 980 1006 1066 ignorat
1022 978 1067 1041 ita
1084 989 1244 1041 naturam

189 1111 301 1156 rerum
334 1089 462 1161 tulisse,
489 1099 525 1150 ut
547 1085 698 1172 quodam
723 1094 875 1164 tempore
902 1079 1068 1152 homines,
1089 1077 1244 1142 nondum

188 1211 300 1276 neque
332 1187 477 1258 naturali
510 1209 621 1272 neque
653 1183 743 1250 civili
773 1181 850 1268 jure
879 1179 1061 1263 descripto,
1087 1177 1153 1241 susi
1182 1199 1247 1262 per

140 1328 172 1368 ,ο
190 1313 292 1378 agros
332 1310 373 1354 ac
409 1287 552 1372 dispersi
591 1294 812 1372 vagarentur,
847 1293 1044 1364 tantumque
1077 1278 1247 1342 haberent

189 1402 354 1477 quantum
371 1410 474 1452 manu
493 1409 534 1452 ac
550 1386 678 1451 viribus
701 1406 761 1470 per
786 1382 929 1447 caedem
954 1400 996 1443 ac
1020 1380 1161 1444 volnera
1186 1391 1247 1443 aut

189 1491 320 1575 eripere
346 1501 403 1552 aut
426 1488 571 1552 retinere
595 1483 804 1571 potuissent?
852 1481 922 1565 Qui
940 1481 1044 1567 igitur
1059 1479 1160 1564 primi
1177 1479 1246 1543 vir·

189 1601 258 1655 tute
289 1602 322 1654 et
353 1589 494 1654 consilio
529 1587 714 1672 praestanti
747 1585 959 1656 exstiterunt,
990 1581 1033 1656 ei,
1064 1593 1245 1666 perspecto

190 1711 317 1777 genere
351 1691 522 1754 humanae
554 1687 734 1752 docilitatis
767 1699 867 1772 atque
899 1682 1030 1772 ingeni,
1060 1681 1245 1765 dissipatos

139 1819 170 1876 15
191 1811 295 1854 rmum
321 1790 354 1853 in
380 1789 490 1853 locum
516 1800 784 1874 congregarunt,
808 1807 934 1872 eosque
959 1806 1003 1850 ex
1028 1783 1159 1848 feritate
1184 1783 1246 1848 illa

191 1891 233 1954 ad
255 1889 418 1977 justitiam
444 1902 544 1974 atque
569 1889 613 1952 ad
640 1887 934 1952 mansuetudinem
961 1885 1243 1950 transduxerunt.

189 1989 279 2054 Tum
304 2012 358 2053 res
381 1989 425 2053 ad
449 2009 664 2052 communem
690 1988 865 2052 utilitatem
890 1986 1158 2074 quas-publicas
1183 2007 1246 2071 ap-

191 2092 380 2174 pellamus3
415 2101 484 2152 tum
518 2089 755 2153 conventicula
788 2089 1095 2176 hominum...quae
1125 2101 1245 2173 postea
1330 2097 1331 2142 t

190 2191 342 2256 civitates
374 2189 568 2252 nominatae
600 2197 698 2260 sunt;
738 2200 808 2252 tum
841 2189 1014 2254 domicilia
1046 2189 1243 2278 conjuncta,
1330 2173 1331 2192 ³

137 2314 171 2354 20
190 2313 275 2375 quas
293 2289 385 2354 urhis
403 2289 559 2360 dicimus,
576 2287 712 2352 invento
725 2299 757 2352 et
770 2289 885 2354 divino
899 2288 976 2377 jure
990 2302 1022 2355 et
1040 2291 1193 2354 humano
1208 2298 1246 2354 ut
1330 2289 1331 2366 ἶ

191 2391 368 2454 moenibus
384 2400 595 2473 saepserunt.
645 2405 690 2452 48.
714 2388 825 2475 Atque
842 2390 929 2456 inter
946 2393 1036 2457 hanc
1049 2392 1153 2456 vitam
1167 2415 1246 2477 per·

190 2493 328 2576 politam
348 2489 555 2552 humanitate
573 2499 605 2552 et
622 2489 714 2553 illam
733 2489 919 2556 immanem
938 2492 1021 2556 nihil
1047 2505 1115 2556 tam
1141 2492 1246 2557 inter·
1330 2501 1331 2582 J

190 2603 240 2654 est
270 2611 373 2676 quam
402 2611 457 2676 Jus
486 2602 586 2675 atque
614 2589 677 2653 vis.
730 2589 863 2654 Horum
890 2604 964 2657 utro
992 2592 1039 2656 uti
1068 2593 1243 2666 nolumuS,

191 2691 295 2755 altero
327 2702 377 2753 est
409 2689 583 2752 utendum.
646 2688 727 2754 Vim
760 2692 919 2756 volumus
956 2692 1149 2779 exstingui:
1186 2693 1245 2780 jus
1330 2755 1331 2784 3

136 2810 169 2865 25
189 2792 302 2853 valeat
319 2810 459 2853 necesse
480 2789 643 2858 est,-—id
665 2803 727 2863 est,
747 2792 891 2879 judicia,
917 2792 1040 2877 quibus
1063 2814 1166 2857 omne
1186 2794 1245 2880 jus

190 2890 392 2954 continetur.
436 2887 573 2974 Judicia
597 2890 779 2977 displicent
803 2903 860 2956 aut
880 2893 974 2955 nulla
994 2903 1092 2956 sunt:
1117 2892 1167 2958 vis
1184 2894 1247 2958 do·
1330 2967 1331 2970 Ἴ

189 2991 334 3054 minetur
351 3009 491 3053 necesse
509 3001 570 3052 est.
612 2991 688 3055 Hoc
705 2993 822 3056 vident
837 3013 969 3057 omnes.
1012 2991 1099 3057 Milo
1116 3005 1149 3057 et
1161 2993 1247 3058 vidit

190 3103 222 3154 et
246 3089 325 3154 fecit
350 3087 404 3174 [ut
427 3088 483 3176 jus
512 3091 736 3174 experiretur,
758 3090 828 3156 virn
855 3089 1074 3179 depelleret].
1124 3091 1246 3158 Altero

189 3191 235 3254 uti
265 3189 382 3262 voluit,
406 3201 441 3252 ut
470 3189 576 3254 virtus
605 3191 788 3255 audaciam
815 3191 987 3264 vinceret3
1027 3194 1133 3257 altero
1161 3214 1246 3257 usus

136 3308 172 3363 30
190 3289 383 3354 necessario
396 3299 458 3362 est,
471 3311 515 3353 ne
529 3289 634 3354 virtus
648 3290 691 3353 ab
705 3290 850 3355 audacia
860 3291 1064 3355 vinceretur.
1095 3291 1246 3357 Eadem-

190 3413 256 3476 que
284 3388 367 3454 ratio
396 3389 458 3455 suit
486 3389 590 3463 Sesti,
613 3389 640 3454 si
671 3391 783 3454 minus
811 3391 845 3454 in
872 3392 1245 3478 accusando-neque

190 3490 281 3554 enim
306 3511 366 3574 per
390 3489 502 3554 omnis
530 3489 591 3552 suit
616 3489 705 3554 idem
731 3489 803 3554 fieri
828 3502 1069 3555 necesse-at
1093 3504 1184 3556 certe
1209 3493 1245 3555 in

191 3590 391 3654 necessitate
404 3589 643 3658 defendendae
660 3590 778 3654 salutis
796 3611 892 3665 suae,
907 3591 1147 3677 praesidioque
1164 3612 1245 3656 con-

190 3703 240 3752 tra
257 3689 324 3754 vim
344 3700 376 3752 et
394 3708 534 3750 manum
553 3689 796 3770 comparando.
818 3735 826 3750 .
848 3734 857 3750 .
878 3735 885 3750 .

136 3802 169 3856 35
235 3803 280 3848 49.
303 3787 449 3849 Reditus
462 3807 542 3848 vero
561 3806 656 3848 meus
673 3785 730 3870 qui
748 3786 847 3850 suerit
862 3787 939 3872 quis
955 3787 1113 3874 ignorat?
1140 3811 1243 3874 quem

191 3884 235 3948 ad
261 3884 398 3946 modum
425 3881 506 3944 mihi
532 3882 725 3946 advenienti
748 3895 923 3970 tamquam
940 3887 1039 3951 totius
1057 3887 1179 3952 Italiae
1195 3900 1242 3952 at-
