2716 4266
130 151 133 156 ¹
208 188 274 256 216
448 191 484 258 Τ
477 192 520 256 he
541 191 687 258 Pardon
712 195 761 279 os
773 193 979 260 Marcellus.
1136 191 1258 263 [Mane.

206 391 299 458 ribus
314 393 402 458 tuis:
435 413 480 457 ex
496 414 563 479 quo
580 394 720 480 quidem
738 395 910 460 maximus
927 405 977 460 est
992 394 1123 460 fructus
1136 395 1258 484 jucun·
1332 389 1333 452 i

207 493 363 579 ditasque
387 493 542 578 sapienti.
590 492 716 560 Cetera
744 516 822 560 cum
851 508 908 558 tua
936 495 1180 572 recordabere,
1199 498 1257 562 etsi

206 613 371 678 persaepe
387 593 513 664 virtuti,
527 605 641 658 tamen
660 595 861 682 plerumque
877 595 1029 660 felicitati
1046 609 1127 662 tuae
1143 611 1260 685 gratu-
1332 639 1333 692 p

206 693 342 756 labere:
379 693 422 758 de
452 695 564 766 nobis,
593 715 679 780 quos
709 695 747 760 in
779 717 815 759 re
848 695 985 780 publica
1009 708 1122 762 tecum
1157 698 1260 762 simul
1332 697 1333 748 l

158 817 172 874 5
206 813 281 856 esse
304 793 452 867 voluisti,
476 794 631 879 quotiens
663 795 844 882 cogitabis,
875 796 997 861 totiens
1025 798 1068 862 de
1097 799 1260 862 maximis

205 893 270 956 tuis
287 893 475 968 beneficiis,
493 894 615 958 totiens
632 895 675 959 de
692 895 884 960 incredibili
902 897 1117 972 liberalitate,
1136 898 1262 963 totiens

206 994 248 1058 de
273 993 440 1080 singulari
465 995 633 1079 sapientia
659 1006 716 1060 tua
741 997 931 1084 cogitabis:
955 1019 1044 1085 quae
1069 1021 1137 1064 non
1161 1001 1263 1064 modo
1332 1005 1333 1080 l

205 1115 341 1160 summa
371 1095 475 1169 bona,
501 1096 562 1160 sed
587 1096 748 1160 nimirum
776 1098 912 1163 audebo
943 1099 997 1164 vel
1029 1098 1103 1164 sola
1129 1099 1261 1164 dicere.
1332 1087 1333 1108 ²

204 1194 338 1260 Tantus
360 1207 411 1260 est
426 1195 519 1261 enim
537 1196 698 1282 splendor
710 1197 750 1262 -in
767 1197 870 1264 laude
887 1219 982 1273 vera,
999 1209 1094 1263 tauta
1110 1197 1146 1264 in
1165 1219 1264 1285 mag·

158 1296 358 1364 lenitudine
391 1296 496 1361 animi
519 1308 552 1362 et
576 1297 696 1362 consili
721 1297 886 1386 dignitas,
913 1311 950 1363 ut
974 1300 1062 1364 haec
1090 1319 1111 1363 a
1137 1299 1264 1362 virtute

206 1396 344 1471 donata,
369 1409 483 1462 cetera
512 1418 533 1462 a
557 1397 692 1463 sortuna
721 1399 937 1465 commodata
963 1419 1039 1464 esse
1066 1398 1261 1464 videantur.
1332 1461 1333 1506 ,

204 1515 254 1562 ao.
277 1496 358 1562 Noli
385 1497 490 1584 igitur
518 1498 554 1562 in
577 1499 824 1564 conservandis
849 1499 949 1564 bonis
971 1498 1056 1564 viris
1080 1497 1264 1586 defetigari

205 1619 327 1662 -non
354 1599 537 1683 cupiditate
560 1600 761 1684 praesertim
786 1599 901 1686 aliqua
922 1611 981 1664 aut
1000 1598 1170 1685 pravitate
1192 1600 1265 1683 lap·

207 1700 265 1772 sis,
292 1699 352 1763 sed
380 1698 542 1783 opinione
569 1699 659 1764 offici
684 1700 786 1764 stulta
811 1699 968 1775 sortasse,
990 1713 1082 1764 certe
1106 1720 1179 1764 non
1204 1699 1265 1762 im·

158 1823 188 1880 ¹5
207 1800 327 1885 proba,
346 1810 379 1863 et
403 1798 516 1884 specie
541 1801 691 1886 quadam
712 1801 761 1865 rei
782 1800 963 1886 publicae:
995 1821 1064 1864 non
1086 1799 1182 1864 enim
1208 1812 1263 1862 tua

208 1901 310 1985 culpa
341 1911 391 1962 est
423 1899 451 1964 si
482 1911 515 1964 te
547 1901 652 1987 aliqui
680 1901 878 1976 timuerunt,
908 1911 1093 1986 contraque
1125 1919 1263 1964 summa

208 2001 295 2072 laus,
315 2001 406 2086 quod
432 2001 571 2064 minime
596 2001 785 2066 timendum
809 2001 915 2066 fuisse
939 2011 1130 2066 senserunt.
1332 2069 1333 2076 χ

252 2119 318 2164 vu.
343 2118 385 2164 al.
417 2099 522 2164 Nunc
545 2101 648 2164 venio
676 2102 721 2165 ad
746 2101 987 2187 gravissimam
1002 2099 1209 2186 -querellam
1234 2109 1264 2162 et
1332 2123 1333 2128 ¹

209 2201 454 2265 atrocissimam
489 2201 710 2285 suspitionem
743 2215 849 2275 tuam,
883 2221 972 2288 quae
1003 2221 1072 2264 non
1103 2200 1163 2264 tibi
1199 2198 1262 2285 ipsi

155 2317 189 2356 20
208 2301 319 2387 magis
335 2322 439 2387 quam
457 2321 535 2364 cum
552 2301 711 2366 omnibus
727 2301 859 2366 civibus
876 2315 947 2366 tum
972 2300 1122 2364 maxime
1146 2301 1260 2373 nobis,
1332 2309 1333 2312 ’

206 2402 263 2488 qui
282 2421 301 2464 a
318 2413 350 2466 te
367 2402 558 2466 conservati
583 2424 715 2476 sumus,
735 2401 945 2487 providenda
964 2413 1035 2466 est:
1067 2421 1174 2486 quam
1199 2399 1261 2465 etsi
1332 2437 1333 2456 1

206 2523 306 2586 spero
323 2501 444 2566 falsam
463 2522 551 2576 esse,
571 2513 687 2566 tamen
704 2523 893 2589 numquam
913 2501 1105 2566 extenuabo
1128 2501 1258 2564 verbis.
1332 2523 1333 2562 3

205 2602 284 2666 Tua
313 2603 405 2667 enim
431 2601 543 2667 cautio
567 2614 683 2667 nostra
708 2603 820 2667 cautio
844 2613 907 2674 est,
925 2613 962 2664 ut
985 2600 1013 2664 si
1038 2599 1071 2664 in
1097 2600 1260 2664 alterutro

206 2704 420 2788 peccandum
445 2704 498 2778 sit,
517 2704 635 2767 malim
652 2702 761 2768 videri
778 2701 880 2766 nimis
904 2700 1042 2766 timidus
1065 2720 1170 2786 quam
1198 2721 1258 2784 pa·
1332 2727 1333 2750 1

153 2815 186 2871 25
206 2827 279 2868 rum
298 2807 460 2890 prudens.
510 2804 581 2870 Sed
598 2804 756 2890 quisnam
775 2812 825 2867 est
840 2801 902 2866 iste
918 2813 987 2864 tam
1004 2797 1169 2864 demens?
1204 2800 1259 2864 De

204 2905 537 2972 tuisne?-tametsi
555 2907 612 2993 qui
638 2904 750 2991 magis
776 2913 854 2968 sunt
876 2901 922 2966 tui
945 2921 1049 2986 quam
1072 2899 1198 2984 quibus
1221 2911 1256 2962 tu

205 3009 348 3072 salutem
363 3007 615 3093 insperantibus
633 3001 887 3071 reddidistil-
898 3022 941 3065 an
955 3022 999 3064 ex
1016 3001 1081 3065 hoc
1097 3021 1254 3075 numeru,

204 3109 261 3194 qui
287 3130 355 3173 una
375 3123 487 3173 tecum
512 3106 669 3173 suerunt?
716 3104 797 3170 Non
823 3112 874 3167 est
896 3099 1068 3166 credibilis
1083 3110 1196 3164 tantus
1219 3099 1254 3162 in

205 3210 274 3273 ullo
306 3209 411 3281 furor,
432 3221 469 3272 ut
499 3229 566 3294 quo
598 3209 686 3272 duce
717 3205 834 3270 omnia
866 3221 1000 3266 summa
1028 3201 1070 3264 sit
1097 3200 1252 3284 adeptus,

154 3315 190 3369 30
207 3309 306 3396 hujus
322 3309 426 3372 vitam
444 3329 511 3372 non
529 3317 712 3391 anteponat
729 3326 825 3370 suae.
875 3301 932 3366 An
951 3300 979 3365 si
996 3299 1079 3364 nihil
1097 3299 1144 3363 tui
1161 3298 1253 3384 cogi-

205 3422 276 3472 tant
304 3407 455 3478 sceleris,
474 3408 666 3472 cavendum
698 3415 749 3470 est
779 3427 823 3470 ne
851 3403 933 3491 quid
965 3397 1115 3464 inimici?
1162 3396 1253 3482 Qi?

206 3529 324 3574 omnes
353 3507 457 3579 enim,
485 3507 718 3592 quisuerunt,
750 3517 807 3572 aut
839 3525 900 3570 sua
933 3499 1119 3588 pertinacia
1151 3498 1251 3562 vitam
1332 3511 1333 3514 ’

207 3609 404 3678 amiserunt,
435 3619 492 3669 aut
520 3619 578 3669 tua
604 3605 835 3670 misericordia
868 3602 1099 3673 retinuerunt;
1132 3610 1168 3662 ut
1199 3609 1252 3662 aut

208 3707 289 3771 nulli
317 3705 486 3787 supersint
510 3706 551 3767 de
576 3703 735 3776 inimiciS,
760 3716 817 3766 aut
841 3703 899 3787 qui
923 3701 1059 3766 suerunt
1082 3699 1149 3764 sint
1173 3697 1250 3761 ami·

154 3813 188 3867 3⁵
207 3803 346 3867 cissimi.
394 3819 442 3864 aa.
477 3801 547 3864 Sed
584 3813 697 3865 tamen
735 3823 812 3865 cum
847 3802 882 3864 in
919 3800 1042 3864 animis
1078 3799 1250 3863 hominum

207 3913 321 3965 tantae
345 3900 495 3964 latebrae
517 3898 583 3962 sint
602 3911 635 3964 et
657 3900 740 3964 tanti
765 3919 933 3973 recessus,
957 3919 1148 3986 augeamus
1172 3917 1250 3964 sane
