2668 4262
186 170 250 240 142
475 150 688 238 Citizenshz'p
712 151 760 237 of
773 149 938 216 Archiam.

184 353 376 428 Cimbricas
394 375 448 418 res
466 354 668 418 adulescens
694 351 814 438 attigit,
834 363 866 415 et
890 351 953 436 ipsi
978 351 1026 414 illi
1045 349 1091 416 C.
1122 349 1218 415 Mni

184 457 242 541 qui
260 456 374 520 durior
391 455 434 518 ad
459 455 545 516 haec
562 453 674 516 studia
692 452 881 526 videbatur,
903 451 1077 538 jucundus
1100 447 1219 513 faloc-

228 573 277 620 20.
300 556 424 642 Neque
442 555 532 617 enim
554 553 736 638 qnisquam
761 565 811 614 est
827 563 896 614 tam
914 573 1055 614 aversus
1073 571 1095 612 a
1115 545 1235 622 dosis,

185 659 334 744 quinon
361 655 515 720 mandari
534 652 689 716 versibus
714 665 891 714 aeternum
917 672 1054 714 suorum
1082 650 1238 712 lanarum
1305 689 1306 750 p

153 756 523 842 sfacilepraeconium
541 752 700 838 patiatur.
735 750 1004 815 Themistoclem
1021 751 1240 822 illum,sum-
1305 751 1306 818 l

185 879 278 922 mum
302 856 448 920 Athenis
465 855 590 928 virum,
610 852 738 917 dixisse
765 851 871 926 aiunt,
894 871 971 915 cum
998 870 1101 914 exeo
1126 869 1241 934 quae·
1305 823 1306 918 l

184 968 326 1031 reretur‚
353 956 445 1041 quod
471 975 632 1020 acroama
662 963 721 1016 aut
745 951 843 1038 cujus
869 971 986 1015 vocem
1012 947 1241 1013 libentissime
1305 931 1306 974 ³

185 1056 348 1121 audiret:
382 1055 487 1140 Ejus,
506 1077 528 1118 a
546 1077 612 1141 quo
635 1076 700 1119 sua
725 1053 839 1116 virtus
863 1053 989 1138 optritae
1007 1050 1243 1136 praedabare·

184 1165 256 1220 tur.
286 1156 405 1242 ltaque
422 1157 478 1219 ille
492 1155 626 1220 Marius
644 1157 722 1220 item
741 1152 867 1219 eximie
881 1151 924 1214 L.
938 1150 1083 1215 Plotium
1100 1151 1239 1224 dilexit,
1305 1199 1306 1230 ,

138 1279 168 1316 ιο
185 1257 282 1344 eujus
299 1256 438 1342 ingenio
456 1257 595 1340 putabat
607 1277 648 1320 ea
665 1277 753 1342 quae
770 1264 926 1342 gesserat
938 1273 1037 1337 posse
1054 1250 1236 1314 celebrari.
1305 1241 1306 1310 l

183 1373 226 1420 21.
250 1357 520 1420 Mithridaticum
537 1377 618 1420 vero
634 1357 776 1429 bellum,
796 1375 962 1442 magnam
981 1363 1080 1438 atque
1097 1351 1240 1416 difficile
1305 1351 1306 1368 ¹

184 1472 217 1522 et
233 1457 268 1520 in
286 1459 391 1520 multa
409 1456 569 1520 varietate
586 1457 846 1542 terramarique
864 1465 1049 1527 versatum,
1067 1465 1171 1517 toturn
1191 1452 1239 1516 ab
1305 1449 1306 1464 ³

185 1558 252 1622 hoc
268 1578 469 1641 expressum
486 1568 560 1621 esta
582 1557 640 1642 qui
665 1557 740 1622 libri
758 1579 825 1622 non
850 1558 952 1622 modo
969 1555 1012 1620 L.
1033 1554 1237 1628 Lucullum,
1305 1571 1306 1584 ³

184 1658 402 1722 fortissimum
421 1669 454 1720 et
470 1657 698 1721 clarissimum
714 1657 838 1732 virum,
857 1679 976 1722 verum
997 1657 1100 1720 etiam
1118 1655 1238 1740 populi
1305 1679 1306 1716 t

138 1778 168 1831 15
185 1757 335 1822 Romani
363 1778 487 1821 nomen
513 1756 705 1821 inlustrant.
755 1756 906 1842 Populus
934 1757 1024 1822 enim
1052 1757 1239 1822 Romanus

185 1857 318 1942 aperuit
335 1856 482 1921 Lucullo
506 1856 696 1941 imperante
712 1855 871 1932 Pontum,
891 1870 923 1922 et
939 1858 1043 1946 regiis
1060 1857 1239 1944 quondam

183 1959 305 2042 opibus
326 1968 359 2020 et
375 1957 449 2040 ipsa
474 1967 593 2020 natura
611 1967 643 2020 et
660 1957 800 2043 regione
817 1959 1003 2022 vallatum:
1028 1958 1144 2043 populi
1162 1957 1242 2021 Ro·
1305 1959 1306 1970 ¹

184 2057 277 2120 mani
294 2058 476 2129 exercitus,
496 2056 617 2120 eodem
639 2056 740 2131 duce,
760 2079 827 2120 non
846 2059 997 2122 maxima
1015 2079 1118 2122 manu
1136 2058 1240 2121 innu-

185 2157 357 2222 merabilis
383 2153 625 2220 Armeniorum
657 2157 773 2241 copias
801 2158 905 2222 fudit:
941 2160 1056 2244 populi
1083 2158 1241 2223 Romani
1305 2141 1306 2174 r

135 2259 259 2321 zolaus
291 2267 342 2322 est
372 2257 491 2319 urbem
524 2256 767 2322 amicissimam
798 2257 1050 2344 Cyzicenorum
1080 2259 1239 2348 ejusdem

183 2357 327 2421 consilio
343 2377 387 2420 ex
403 2356 496 2419 omni
520 2355 647 2440 impetu
665 2357 761 2444 regio
779 2370 880 2444 atque
897 2360 997 2425 totius
1021 2361 1100 2426 belli
1117 2381 1175 2424 ore
1196 2381 1241 2424 ac

183 2457 340 2521 faucibus
358 2466 508 2540 ereptam
534 2477 608 2520 esse
627 2467 727 2542 atque
752 2471 943 2523 servatam:
968 2473 1083 2525 nostra
1099 2482 1239 2545 semper

183 2559 310 2623 feretur
337 2567 370 2620 et
395 2555 658 2639 praedicabitur,
687 2556 731 2621 L.
756 2557 904 2624 Lucullo
932 2560 1128 2635 dimicante,
1154 2581 1239 2624 curn

184 2656 367 2722 intersectis
386 2655 529 2719 ducibus
546 2656 708 2740 depressa
726 2658 873 2722 hostiurn
891 2639 1241 2733 classissetincredi·
1305 2719 1306 2726 ,

134 2779 165 2832 ²5
183 2759 260 2822 bilis
287 2756 378 2841 apud
396 2755 578 2819 Tenedum
607 2777 725 2843 pugna
751 2759 809 2821 illa
838 2761 992 2824 navalis:
1017 2773 1131 2825 nostra
1155 2773 1241 2826 sunt

182 2868 335 2941 tropaea,
364 2866 476 2919 nostra
510 2855 733 2927 monimenta,
763 2859 866 2922 nostri
894 2859 1070 2945 triumphi.
1130 2859 1239 2945 Quae

183 2977 326 3042 quorum
341 2954 487 3039 ingeniis
505 2955 704 3032 efferuntur,
720 2958 763 3021 ab
777 2959 825 3021 eis
840 2961 955 3044 populi
973 2959 1124 3025 Romani
1140 2962 1238 3026 sama

183 3057 384 3120 celebratur.
433 3071 481 3118 aa.
505 3054 617 3121 Carus
646 3057 709 3122 suit
732 3056 897 3124 Africano
926 3061 1091 3144 superiori
1119 3075 1239 3125 noster
1305 3129 1306 3136 χ

183 3155 328 3229 Ennius,
349 3156 462 3241 itaque
487 3156 589 3220 etiam
607 3157 641 3219 in
660 3157 817 3242 sepulcro
835 3158 1035 3242 Scipionum
1053 3173 1188 3245 putatur
1207 3163 1237 3226 is

134 3278 167 3330 30
183 3279 258 3321 esse
283 3256 482 3321 constitutus
507 3277 551 3320 ex
577 3277 760 3321 marmore.
809 3257 857 3321 At
882 3259 931 3323 eis
956 3260 1113 3324 laudibus
1142 3277 1235 3325 certe
1305 3261 1306 3264 ’

183 3379 250 3420 non
269 3357 377 3421 solum
395 3356 469 3441 ipse
486 3356 543 3442 qui
562 3357 732 3430 laudatur,
751 3358 930 3422 sedetiam
949 3361 1064 3444 populi
1082 3359 1232 3424 Rornani

183 3479 307 3521 nomen
321 3470 472 3520 ornatur.
504 3455 543 3518 In
558 3456 690 3519 caelum
710 3457 811 3544 hujus
829 3479 975 3541 proavus
986 3457 1072 3522 Cato
1085 3459 1231 3523 tollitur:

183 3578 329 3642 magnus
348 3558 456 3620 honos
474 3555 591 3639 populi
609 3554 759 3618 Romani
777 3559 878 3620 rebus
896 3557 1105 3644 adjungitur.
1148 3558 1230 3623 Orn-

182 3677 243 3718 nes
272 3655 420 3739 denique
448 3654 496 3717 illi
526 3652 686 3726 Maximi,
717 3653 888 3728 Marcelli,
917 3656 1043 3730 Fulvii,
1062 3679 1130 3722 non
1159 3658 1231 3723 sine

137 3775 167 3824 35
183 3754 355 3816 communi
371 3752 524 3816 omnium
542 3761 692 3813 nostrum
711 3752 812 3816 laude
830 3753 1045 3818 decorantur.
1080 3777 1117 3820 x.
1137 3757 1232 3844 Ergo

183 3852 292 3925 illurn,
311 3851 369 3936 qui
394 3852 481 3912 haec
504 3849 643 3922 fecerat,
669 3848 847 3914 Rudinum
873 3853 1059 3931 hominem,
1086 3857 1231 3946 majores
