2716 4266
128 189 181 230 xn.
203 175 261 249 38·]
315 175 409 242 How
438 174 557 242 Ceasar
578 175 641 240 has
665 176 751 242 used
770 175 824 240 lu‘s
859 174 1009 264 Victury.
1073 228 1083 248 .
1117 193 1180 260 233

173 396 219 445 aa.
243 377 316 443 Fac
339 376 454 472 igitur,
473 377 565 464 quod
590 377 633 443 de
656 377 795 443 homine
820 378 1032 444 nobilissimo
1056 389 1089 444 et
1113 378 1184 442 cla-

128 480 264 545 rissimo
292 479 400 542 fecisti
428 500 538 562 nuper
567 477 601 542 in
626 479 734 552 curia,
753 499 845 542 nunc
869 479 959 542 idem
983 479 1018 542 in
1043 479 1116 544 soro
1139 479 1183 543 de

128 581 266 665 optimis
283 590 316 642 et
336 578 416 642 huic
440 578 533 642 omni
560 577 770 664 frequentiae
800 578 1046 664 probatissimis
1073 579 1183 644 fratri·

127 681 204 745 bus.
248 679 296 744 Ut
311 677 508 742 concessisti
526 677 621 741 illum
640 678 785 751 senatui,
805 678 853 742 sic
869 679 914 743 da
932 679 1024 742 hunc
1040 678 1180 764 populo,

128 780 228 868 cujus
253 779 461 842 voluntatem
489 777 703 841 carissimam
732 799 867 862 semper
896 777 1064 852 habuisti;
1089 789 1134 853 et,
1153 777 1214 854 sis

128 880 187 944 ille
201 880 273 944 dies
287 879 346 942 tibi
360 877 638 966 gloriosissimus,
656 878 782 962 populo
795 877 956 942 Romano
968 878 1183 966 gratissimus

129 980 205 1054 suit,
230 978 312 1052 noli,
334 979 490 1052 obsecro,
520 977 690 1052 dubitare,
718 975 760 1042 C.
789 975 933 1053 Caesar,
961 977 1107 1044 similem
1134 978 1183 1044 illi

128 1079 262 1168 gloriae
286 1077 424 1144 laudem
441 1099 544 1163 quam
563 1077 764 1163 saepissime
781 1098 960 1164 quaerere.
1008 1077 1106 1143 Nihil
1132 1090 1183 1146 est

128 1192 200 1246 tam
228 1179 392 1264 populare
420 1199 524 1263 quam
553 1176 699 1252 bonitas,
724 1179 818 1242 nulla
847 1178 890 1244 de
915 1178 1093 1244 virtutibus
1117 1179 1183 1244 tuis

130 1280 286 1366 plurimis
310 1299 375 1343 nec
392 1276 625 1342 admirabilior
641 1299 705 1344 nec
722 1278 851 1365 gratior
867 1278 1101 1344 misericordia
1118 1291 1180 1344 est.
1202 1309 1234 1349 ro

128 1397 176 1446 ³8.
202 1379 369 1444 Homines
386 1377 476 1442 enim
495 1377 638 1442 addens
665 1378 759 1441 nulla
791 1399 827 1442 re
852 1377 990 1463 propius
1015 1378 1183 1445 accedunt

128 1502 235 1568 quam
267 1478 410 1543 salutem
445 1477 639 1541 hominibus
671 1478 795 1542 dando.
853 1477 950 1542 Nilril
984 1477 1087 1543 habet
1118 1499 1183 1544 nec

129 1581 266 1646 fortuna
290 1589 347 1642 tua
373 1576 483 1664 majus
499 1597 603 1663 quam
625 1589 662 1641 ut
685 1577 808 1661 possiS,
827 1597 891 1642 nec
914 1589 1036 1642 natura
1061 1579 1182 1643 melius

128 1702 234 1768 quam
264 1689 300 1768 ut
326 1677 424 1751 velis,
450 1697 587 1742 servare
615 1698 717 1763 quam
744 1677 921 1763 plurimos.
971 1676 1182 1765 Longiorem

128 1780 318 1847 orationem
351 1798 456 1843 causa
488 1775 627 1841 forsitan
658 1778 816 1862 postulet,
850 1788 907 1840 tua
939 1789 1030 1843 certe
1061 1791 1181 1842 natura
1203 1801 1233 1857 15

129 1879 334 1946 breviorem.
385 1875 466 1963 Qua
483 1898 519 1941 re
536 1897 614 1941 cum
633 1876 746 1942 utilius
763 1898 839 1942 esse
856 1877 997 1944 arbitrer
1013 1888 1046 1943 te
1070 1877 1182 1964 ipsum

129 2003 236 2069 quam
264 2001 317 2044 me
344 1991 401 2043 aut
417 1998 624 2065 quemquam
653 1977 746 2064 loqui
772 1989 899 2053 tecum,
916 1977 1019 2042 finem
1040 1975 1113 2065 jam
1134 1975 1184 2041 fa-

130 2083 244 2148 ciam:
277 2092 409 2146 tantum
440 2090 472 2143 te
501 2077 708 2151 admonebo,
735 2078 762 2144 si
796 2077 843 2144 illi
875 2078 1007 2146 absenti
1038 2079 1182 2144 salutem

130 2182 281 2258 dederis,
300 2179 536 2267 praesentibus
561 2178 614 2244 his
637 2179 796 2244 omnibus
819 2190 852 2246 te
873 2181 1046 2247 daturum.
