<?xml version="1.0" encoding="UTF-8"?>
<!DOCTYPE html PUBLIC "-//W3C//DTD XHTML 1.0 Transitional//EN"
    "http://www.w3.org/TR/xhtml1/DTD/xhtml1-transitional.dtd">
<html xmlns="http://www.w3.org/1999/xhtml" xml:lang="en" lang="en">
 <head>
  <title>
</title>
<meta http-equiv="Content-Type" content="text/html;charset=utf-8" />
  <meta name='ocr-system' content='tesseract 3.04.00' />
  <meta name='ocr-capabilities' content='ocr_page ocr_carea ocr_par ocr_line ocrx_word'/>
</head>
<body>
  <div class='ocr_page' id='page_1' title='image "./selectorationsc00greegoog_0195.png"; bbox 0 0 2668 4262; ppageno 0'>
   <div class='ocr_carea' id='block_1_1' title="bbox 207 213 1253 286">
    <p class='ocr_par' dir='ltr' id='par_1_1' title="bbox 207 213 1253 286">
     <span class='ocr_line' id='line_1_1' title="bbox 207 213 1253 286; baseline 0.007 -8"><span class='ocrx_word' id='word_1_1' title='bbox 207 213 269 278; x_wconf 75' lang='lat'><strong>163</strong></span> <span class='ocrx_word' id='word_1_2' title='bbox 455 213 602 280; x_wconf 81' lang='lat' dir='ltr'><strong>Cr‘cero’s</strong></span> <span class='ocrx_word' id='word_1_3' title='bbox 625 215 733 280; x_wconf 81' lang='lat' dir='ltr'><strong>Exile</strong></span> <span class='ocrx_word' id='word_1_4' title='bbox 756 216 830 281; x_wconf 83' lang='lat' dir='ltr'><strong>and</strong></span> <span class='ocrx_word' id='word_1_5' title='bbox 851 216 1004 282; x_wconf 78' lang='lat' dir='ltr'><strong>Return.</strong></span> <span class='ocrx_word' id='word_1_6' title='bbox 1104 213 1253 286; x_wconf 60' lang='lat' dir='ltr'><strong>[SE-llll&amp;</strong></span> 
     </span>
    </p>
   </div>
   <div class='ocr_carea' id='block_1_2' title="bbox 152 413 1321 3622">
    <p class='ocr_par' dir='ltr' id='par_1_2' title="bbox 202 413 1257 808">
     <span class='ocr_line' id='line_1_2' title="bbox 202 413 1253 505; baseline 0.009 -28"><span class='ocrx_word' id='word_1_7' title='bbox 202 430 242 477; x_wconf 74' lang='lat'><strong>51.</strong></span> <span class='ocrx_word' id='word_1_8' title='bbox 267 413 380 501; x_wconf 86' lang='lat' dir='ltr'><strong>Atque</strong></span> <span class='ocrx_word' id='word_1_9' title='bbox 405 414 461 481; x_wconf 89' lang='lat' dir='ltr'><strong>hic</strong></span> <span class='ocrx_word' id='word_1_10' title='bbox 486 427 534 480; x_wconf 91' lang='lat' dir='ltr'><strong>tot</strong></span> <span class='ocrx_word' id='word_1_11' title='bbox 559 429 591 480; x_wconf 90' lang='lat' dir='ltr'><strong>et</strong></span> <span class='ocrx_word' id='word_1_12' title='bbox 612 417 730 481; x_wconf 90' lang='lat' dir='ltr'><strong>talium</strong></span> <span class='ocrx_word' id='word_1_13' title='bbox 749 417 873 482; x_wconf 92' lang='lat' dir='ltr'><strong>civium</strong></span> <span class='ocrx_word' id='word_1_14' title='bbox 892 419 1041 505; x_wconf 88' lang='lat' dir='ltr'><strong>squalor,</strong></span> <span class='ocrx_word' id='word_1_15' title='bbox 1058 419 1115 485; x_wconf 91' lang='lat' dir='ltr'><strong>hic</strong></span> <span class='ocrx_word' id='word_1_16' title='bbox 1130 421 1253 495; x_wconf 86' lang='lat' dir='ltr'><strong>luctus,</strong></span> 
     </span>
     <span class='ocr_line' id='line_1_3' title="bbox 205 516 1255 609; baseline 0.007 -30"><span class='ocrx_word' id='word_1_17' title='bbox 205 518 270 580; x_wconf 88' lang='lat' dir='ltr'><strong>bae</strong></span> <span class='ocrx_word' id='word_1_18' title='bbox 287 516 404 580; x_wconf 88' lang='lat' dir='ltr'><strong>sordes</strong></span> <span class='ocrx_word' id='word_1_19' title='bbox 422 529 600 602; x_wconf 83' lang='lat' dir='ltr'><strong>susceptae</strong></span> <span class='ocrx_word' id='word_1_20' title='bbox 617 531 696 582; x_wconf 90' lang='lat' dir='ltr'><strong>sunt</strong></span> <span class='ocrx_word' id='word_1_21' title='bbox 712 531 849 604; x_wconf 88' lang='lat' dir='ltr'><strong>propter</strong></span> <span class='ocrx_word' id='word_1_22' title='bbox 865 541 971 583; x_wconf 92' lang='lat' dir='ltr'><strong>unum</strong></span> <span class='ocrx_word' id='word_1_23' title='bbox 991 541 1065 584; x_wconf 84' lang='lat' dir='ltr'><strong>me:</strong></span> <span class='ocrx_word' id='word_1_24' title='bbox 1097 521 1181 609; x_wconf 91' lang='lat' dir='ltr'><strong>quia</strong></span> <span class='ocrx_word' id='word_1_25' title='bbox 1205 544 1255 586; x_wconf 91' lang='lat' dir='ltr'><strong>me</strong></span> 
     </span>
     <span class='ocr_line' id='line_1_4' title="bbox 203 615 1255 707; baseline 0.006 -28"><span class='ocrx_word' id='word_1_26' title='bbox 203 615 441 689; x_wconf 83' lang='lat' dir='ltr'><strong>defenderunt,</strong></span> <span class='ocrx_word' id='word_1_27' title='bbox 460 617 540 703; x_wconf 89' lang='lat' dir='ltr'><strong>quia</strong></span> <span class='ocrx_word' id='word_1_28' title='bbox 560 640 674 682; x_wconf 88' lang='lat' dir='ltr'><strong>meum</strong></span> <span class='ocrx_word' id='word_1_29' title='bbox 700 641 818 684; x_wconf 87' lang='lat' dir='ltr'><strong>casum</strong></span> <span class='ocrx_word' id='word_1_30' title='bbox 843 621 1039 707; x_wconf 90' lang='lat' dir='ltr'><strong>luctumque</strong></span> <span class='ocrx_word' id='word_1_31' title='bbox 1063 622 1255 698; x_wconf 86' lang='lat' dir='ltr'><strong>doluerunt,</strong></span> 
     </span>
     <span class='ocr_line' id='line_1_5' title="bbox 204 714 1257 808; baseline 0.009 -32"><span class='ocrx_word' id='word_1_32' title='bbox 204 714 284 801; x_wconf 91' lang='lat' dir='ltr'><strong>quia</strong></span> <span class='ocrx_word' id='word_1_33' title='bbox 317 737 371 779; x_wconf 90' lang='lat' dir='ltr'><strong>me</strong></span> <span class='ocrx_word' id='word_1_34' title='bbox 400 717 531 803; x_wconf 86' lang='lat' dir='ltr'><strong>lugenti</strong></span> <span class='ocrx_word' id='word_1_35' title='bbox 563 719 706 804; x_wconf 85' lang='lat' dir='ltr'>patriae,</span> <span class='ocrx_word' id='word_1_36' title='bbox 734 718 903 808; x_wconf 89' lang='lat' dir='ltr'><strong>flagitanti</strong></span> <span class='ocrx_word' id='word_1_37' title='bbox 931 720 1077 796; x_wconf 87' lang='lat' dir='ltr'><strong>senatui,</strong></span> <span class='ocrx_word' id='word_1_38' title='bbox 1105 723 1257 808; x_wconf 89' lang='lat' dir='ltr'><strong>poscenti</strong></span> 
     </span>
    </p>

    <p class='ocr_par' dir='ltr' id='par_1_3' title="bbox 156 814 1262 1309">
     <span class='ocr_line' id='line_1_6' title="bbox 156 814 1258 907; baseline 0.009 -31"><span class='ocrx_word' id='word_1_39' title='bbox 156 840 171 893; x_wconf 80' lang='grc' dir='ltr'><strong><em>ς</em></strong></span> <span class='ocrx_word' id='word_1_40' title='bbox 206 814 337 889; x_wconf 84' lang='lat' dir='ltr'><strong>ltaliae,</strong></span> <span class='ocrx_word' id='word_1_41' title='bbox 361 815 458 880; x_wconf 88' lang='lat' dir='ltr'><strong>vobis</strong></span> <span class='ocrx_word' id='word_1_42' title='bbox 483 819 641 883; x_wconf 89' lang='lat' dir='ltr'><strong>omnibus</strong></span> <span class='ocrx_word' id='word_1_43' title='bbox 667 821 842 886; x_wconf 89' lang='lat' dir='ltr'><strong>orantibus</strong></span> <span class='ocrx_word' id='word_1_44' title='bbox 869 822 1102 887; x_wconf 88' lang='lat' dir='ltr'><strong>reddiderunt.</strong></span> <span class='ocrx_word' id='word_1_45' title='bbox 1155 821 1258 907; x_wconf 68' lang='lat' dir='ltr'><strong>Quod</strong></span> 
     </span>
     <span class='ocr_line' id='line_1_7' title="bbox 204 917 1260 1009; baseline 0.007 -31"><span class='ocrx_word' id='word_1_46' title='bbox 204 927 336 978; x_wconf 89' lang='lat' dir='ltr'><strong>tantum</strong></span> <span class='ocrx_word' id='word_1_47' title='bbox 353 927 403 980; x_wconf 92' lang='lat' dir='ltr'><strong>est</strong></span> <span class='ocrx_word' id='word_1_48' title='bbox 419 917 453 980; x_wconf 90' lang='lat' dir='ltr'><strong>in</strong></span> <span class='ocrx_word' id='word_1_49' title='bbox 470 940 525 982; x_wconf 91' lang='lat' dir='ltr'><strong>me</strong></span> <span class='ocrx_word' id='word_1_50' title='bbox 543 919 677 985; x_wconf 88' lang='lat' dir='ltr'><strong>scelus?</strong></span> <span class='ocrx_word' id='word_1_51' title='bbox 713 919 808 1005; x_wconf 62' lang='lat' dir='ltr'><strong>Quid</strong></span> <span class='ocrx_word' id='word_1_52' title='bbox 825 933 918 988; x_wconf 86' lang='lat' dir='ltr'><strong>tanto</strong></span> <span class='ocrx_word' id='word_1_53' title='bbox 935 945 1038 1008; x_wconf 87' lang='lat' dir='ltr'><strong>opere</strong></span> <span class='ocrx_word' id='word_1_54' title='bbox 1056 923 1189 1009; x_wconf 89' lang='lat' dir='ltr'>deliqui</span> <span class='ocrx_word' id='word_1_55' title='bbox 1205 922 1260 986; x_wconf 91' lang='lat' dir='ltr'><strong>illo</strong></span> 
     </span>
     <span class='ocr_line' id='line_1_8' title="bbox 205 1015 1261 1098; baseline 0.005 -18"><span class='ocrx_word' id='word_1_56' title='bbox 205 1015 273 1090; x_wconf 87' lang='lat' dir='ltr'><strong>die,</strong></span> <span class='ocrx_word' id='word_1_57' title='bbox 297 1037 374 1080; x_wconf 90' lang='lat' dir='ltr'><strong>cum</strong></span> <span class='ocrx_word' id='word_1_58' title='bbox 400 1017 443 1083; x_wconf 92' lang='lat' dir='ltr'><strong>ad</strong></span> <span class='ocrx_word' id='word_1_59' title='bbox 461 1041 521 1084; x_wconf 89' lang='lat' dir='ltr'><strong>vos</strong></span> <span class='ocrx_word' id='word_1_60' title='bbox 538 1021 677 1096; x_wconf 88' lang='lat' dir='ltr'><strong>indicia,</strong></span> <span class='ocrx_word' id='word_1_61' title='bbox 696 1023 837 1098; x_wconf 71' lang='lat' dir='ltr'><strong>litteram,</strong></span> <span class='ocrx_word' id='word_1_62' title='bbox 857 1023 1089 1089; x_wconf 89' lang='lat' dir='ltr'><strong>consessiones</strong></span> <span class='ocrx_word' id='word_1_63' title='bbox 1108 1045 1261 1087; x_wconf 92' lang='lat' dir='ltr'><strong>commu·</strong></span> 
     </span>
     <span class='ocr_line' id='line_1_9' title="bbox 205 1116 1262 1208; baseline 0.006 -28"><span class='ocrx_word' id='word_1_64' title='bbox 205 1116 259 1180; x_wconf 93' lang='lat' dir='ltr'><strong>nis</strong></span> <span class='ocrx_word' id='word_1_65' title='bbox 277 1117 356 1181; x_wconf 85' lang='lat' dir='ltr'><strong>exiti</strong></span> <span class='ocrx_word' id='word_1_66' title='bbox 374 1118 491 1195; x_wconf 89' lang='lat' dir='ltr'><strong>detuli,</strong></span> <span class='ocrx_word' id='word_1_67' title='bbox 511 1141 590 1185; x_wconf 92' lang='lat' dir='ltr'><strong>cum</strong></span> <span class='ocrx_word' id='word_1_68' title='bbox 607 1123 704 1208; x_wconf 86' lang='lat' dir='ltr'><strong>parui</strong></span> <span class='ocrx_word' id='word_1_69' title='bbox 721 1121 841 1189; x_wconf 84' lang='lat' dir='ltr'><strong>vobis?</strong></span> <span class='ocrx_word' id='word_1_70' title='bbox 889 1123 943 1188; x_wconf 86' lang='lat' dir='ltr'><strong>Ac</strong></span> <span class='ocrx_word' id='word_1_71' title='bbox 960 1125 988 1188; x_wconf 90' lang='lat' dir='ltr'><strong>si</strong></span> <span class='ocrx_word' id='word_1_72' title='bbox 1006 1125 1193 1188; x_wconf 90' lang='lat' dir='ltr'><strong>scelestum</strong></span> <span class='ocrx_word' id='word_1_73' title='bbox 1216 1133 1262 1188; x_wconf 89' lang='lat' dir='ltr'><strong>est</strong></span> 
     </span>
     <span class='ocr_line' id='line_1_10' title="bbox 207 1219 1261 1309; baseline 0.006 -29"><span class='ocrx_word' id='word_1_74' title='bbox 207 1237 321 1282; x_wconf 89' lang='lat' dir='ltr'><strong>amare</strong></span> <span class='ocrx_word' id='word_1_75' title='bbox 340 1219 498 1303; x_wconf 81' lang='lat' dir='ltr'><strong>patriam,</strong></span> <span class='ocrx_word' id='word_1_76' title='bbox 511 1223 632 1307; x_wconf 90' lang='lat' dir='ltr'><strong>pertuli</strong></span> <span class='ocrx_word' id='word_1_77' title='bbox 649 1245 838 1309; x_wconf 90' lang='lat' dir='ltr'><strong>poenarum</strong></span> <span class='ocrx_word' id='word_1_78' title='bbox 856 1224 950 1289; x_wconf 87' lang='lat' dir='ltr'><strong>satis.</strong></span> <span class='ocrx_word' id='word_1_79' title='bbox 989 1223 1121 1288; x_wconf 90' lang='lat' dir='ltr'><strong>Eversa</strong></span> <span class='ocrx_word' id='word_1_80' title='bbox 1138 1223 1261 1289; x_wconf 90' lang='lat' dir='ltr'><strong>domus</strong></span> 
     </span>
    </p>

    <p class='ocr_par' dir='ltr' id='par_1_4' title="bbox 156 1317 1320 1812">
     <span class='ocr_line' id='line_1_11' title="bbox 156 1317 1259 1412; baseline 0.005 -31"><span class='ocrx_word' id='word_1_81' title='bbox 156 1348 188 1389; x_wconf 77' lang='grc' dir='ltr'><strong>ιο</strong></span> <span class='ocrx_word' id='word_1_82' title='bbox 207 1329 269 1393; x_wconf 91' lang='lat' dir='ltr'><strong>est,</strong></span> <span class='ocrx_word' id='word_1_83' title='bbox 292 1317 447 1384; x_wconf 80' lang='lat' dir='ltr'>fortunae</span> <span class='ocrx_word' id='word_1_84' title='bbox 471 1336 628 1398; x_wconf 87' lang='lat' dir='ltr'>vexatae,</span> <span class='ocrx_word' id='word_1_85' title='bbox 651 1324 804 1409; x_wconf 88' lang='lat' dir='ltr'><strong>dissipati</strong></span> <span class='ocrx_word' id='word_1_86' title='bbox 830 1323 939 1399; x_wconf 92' lang='lat' dir='ltr'><strong>liberi,</strong></span> <span class='ocrx_word' id='word_1_87' title='bbox 962 1336 1093 1409; x_wconf 85' lang='lat' dir='ltr'><strong>raptata</strong></span> <span class='ocrx_word' id='word_1_88' title='bbox 1119 1324 1259 1412; x_wconf 85' lang='lat' dir='ltr'><strong>conjux,</strong></span> 
     </span>
     <span class='ocr_line' id='line_1_12' title="bbox 207 1419 1260 1510; baseline 0.005 -27"><span class='ocrx_word' id='word_1_89' title='bbox 207 1419 310 1484; x_wconf 83' lang='lat' dir='ltr'><strong>frater</strong></span> <span class='ocrx_word' id='word_1_90' title='bbox 344 1421 505 1506; x_wconf 89' lang='lat' dir='ltr'><strong>optimus,</strong></span> <span class='ocrx_word' id='word_1_91' title='bbox 539 1423 731 1488; x_wconf 88' lang='lat' dir='ltr'><strong>incredibili</strong></span> <span class='ocrx_word' id='word_1_92' title='bbox 768 1425 905 1510; x_wconf 89' lang='lat' dir='ltr'><strong>pietate,</strong></span> <span class='ocrx_word' id='word_1_93' title='bbox 941 1446 1057 1489; x_wconf 89' lang='lat' dir='ltr'><strong>amore</strong></span> <span class='ocrx_word' id='word_1_94' title='bbox 1092 1424 1260 1498; x_wconf 88' lang='lat' dir='ltr'><strong>inaudito,</strong></span> 
     </span>
     <span class='ocr_line' id='line_1_13' title="bbox 207 1519 1320 1610; baseline 0.005 -27"><span class='ocrx_word' id='word_1_95' title='bbox 207 1519 359 1586; x_wconf 88' lang='lat' dir='ltr'><strong>maximo</strong></span> <span class='ocrx_word' id='word_1_96' title='bbox 387 1522 421 1586; x_wconf 91' lang='lat' dir='ltr'><strong>in</strong></span> <span class='ocrx_word' id='word_1_97' title='bbox 447 1524 605 1609; x_wconf 86' lang='lat' dir='ltr'>squalore</span> <span class='ocrx_word' id='word_1_98' title='bbox 628 1525 799 1589; x_wconf 88' lang='lat' dir='ltr'><strong>volutatus</strong></span> <span class='ocrx_word' id='word_1_99' title='bbox 823 1537 874 1590; x_wconf 90' lang='lat' dir='ltr'><strong>est</strong></span> <span class='ocrx_word' id='word_1_100' title='bbox 898 1525 942 1590; x_wconf 90' lang='lat' dir='ltr'><strong>ad</strong></span> <span class='ocrx_word' id='word_1_101' title='bbox 966 1525 1073 1610; x_wconf 90' lang='lat' dir='ltr'><strong>pedes</strong></span> <span class='ocrx_word' id='word_1_102' title='bbox 1097 1525 1263 1589; x_wconf 89' lang='lat' dir='ltr'><strong>inimicis·</strong></span> <span class='ocrx_word' id='word_1_103' title='bbox 1319 1593 1320 1598; x_wconf 55' lang='grc'>,</span> 
     </span>
     <span class='ocr_line' id='line_1_14' title="bbox 208 1621 1261 1711; baseline 0.006 -28"><span class='ocrx_word' id='word_1_104' title='bbox 208 1621 384 1686; x_wconf 90' lang='lat' dir='ltr'><strong>simorum.</strong></span> <span class='ocrx_word' id='word_1_105' title='bbox 449 1622 527 1711; x_wconf 86' lang='lat' dir='ltr'><strong>Ego</strong></span> <span class='ocrx_word' id='word_1_106' title='bbox 570 1625 688 1709; x_wconf 89' lang='lat' dir='ltr'><strong>pulsus</strong></span> <span class='ocrx_word' id='word_1_107' title='bbox 729 1625 808 1700; x_wconf 90' lang='lat' dir='ltr'><strong>aris,</strong></span> <span class='ocrx_word' id='word_1_108' title='bbox 846 1624 944 1700; x_wconf 87' lang='lat' dir='ltr'><strong>focis,</strong></span> <span class='ocrx_word' id='word_1_109' title='bbox 980 1625 1032 1690; x_wconf 91' lang='lat' dir='ltr'><strong>dis</strong></span> <span class='ocrx_word' id='word_1_110' title='bbox 1064 1626 1261 1710; x_wconf 88' lang='lat' dir='ltr'><strong>penatibus,</strong></span> 
     </span>
     <span class='ocr_line' id='line_1_15' title="bbox 208 1722 1262 1812; baseline 0.005 -29"><span class='ocrx_word' id='word_1_111' title='bbox 208 1722 388 1788; x_wconf 89' lang='lat' dir='ltr'><strong>distractus</strong></span> <span class='ocrx_word' id='word_1_112' title='bbox 421 1744 441 1788; x_wconf 93' lang='lat' dir='ltr'><strong>a</strong></span> <span class='ocrx_word' id='word_1_113' title='bbox 474 1724 571 1800; x_wconf 89' lang='lat' dir='ltr'><strong>meis,</strong></span> <span class='ocrx_word' id='word_1_114' title='bbox 599 1725 692 1790; x_wconf 88' lang='lat' dir='ltr'><strong>carui</strong></span> <span class='ocrx_word' id='word_1_115' title='bbox 725 1725 846 1811; x_wconf 82' lang='lat' dir='ltr'><strong>patria,</strong></span> <span class='ocrx_word' id='word_1_116' title='bbox 874 1747 992 1812; x_wconf 90' lang='lat' dir='ltr'><strong>quam,</strong></span> <span class='ocrx_word' id='word_1_117' title='bbox 1021 1737 1059 1790; x_wconf 92' lang='lat' dir='ltr'><strong>ut</strong></span> <span class='ocrx_word' id='word_1_118' title='bbox 1088 1725 1262 1790; x_wconf 88' lang='lat' dir='ltr'><strong>levissime</strong></span> 
     </span>
    </p>

    <p class='ocr_par' dir='ltr' id='par_1_5' title="bbox 156 1822 1263 2000">
     <span class='ocr_line' id='line_1_16' title="bbox 156 1822 1263 1910; baseline 0.01 -30"><span class='ocrx_word' id='word_1_119' title='bbox 156 1841 186 1897; x_wconf 78' lang='grc' dir='ltr'><strong>ις</strong></span> <span class='ocrx_word' id='word_1_120' title='bbox 208 1822 335 1898; x_wconf 86' lang='lat' dir='ltr'><strong>dicam,</strong></span> <span class='ocrx_word' id='word_1_121' title='bbox 359 1833 449 1888; x_wconf 90' lang='lat' dir='ltr'><strong>certe</strong></span> <span class='ocrx_word' id='word_1_122' title='bbox 472 1825 683 1889; x_wconf 87' lang='lat' dir='ltr'><strong>dilexeram:</strong></span> <span class='ocrx_word' id='word_1_123' title='bbox 710 1826 832 1910; x_wconf 88' lang='lat' dir='ltr'><strong>pertuli</strong></span> <span class='ocrx_word' id='word_1_124' title='bbox 853 1826 1086 1891; x_wconf 82' lang='lat' dir='ltr'><strong>crudelitatem</strong></span> <span class='ocrx_word' id='word_1_125' title='bbox 1108 1825 1263 1891; x_wconf 89' lang='lat' dir='ltr'><strong>inimico-</strong></span> 
     </span>
     <span class='ocr_line' id='line_1_17' title="bbox 208 1923 1067 2000; baseline 0.002 -14"><span class='ocrx_word' id='word_1_126' title='bbox 208 1944 296 1997; x_wconf 86' lang='lat' dir='ltr'><strong>rum,</strong></span> <span class='ocrx_word' id='word_1_127' title='bbox 322 1926 435 1990; x_wconf 89' lang='lat' dir='ltr'><strong>scelus</strong></span> <span class='ocrx_word' id='word_1_128' title='bbox 459 1923 660 2000; x_wconf 83' lang='lat' dir='ltr'><strong>infidelium,</strong></span> <span class='ocrx_word' id='word_1_129' title='bbox 682 1924 837 1989; x_wconf 80' lang='lat' dir='ltr'><strong>fraudem</strong></span> <span class='ocrx_word' id='word_1_130' title='bbox 863 1925 1067 1990; x_wconf 87' lang='lat' dir='ltr'><strong>invidorum.</strong></span> 
     </span>
    </p>

    <p class='ocr_par' dir='ltr' id='par_1_6' title="bbox 209 2023 1265 2312">
     <span class='ocr_line' id='line_1_18' title="bbox 252 2023 1265 2112; baseline 0.002 -26"><span class='ocrx_word' id='word_1_131' title='bbox 252 2041 298 2087; x_wconf 82' lang='lat'><strong>52.</strong></span> <span class='ocrx_word' id='word_1_132' title='bbox 323 2023 360 2088; x_wconf 87' lang='lat' dir='ltr'><strong>Si</strong></span> <span class='ocrx_word' id='word_1_133' title='bbox 386 2024 452 2090; x_wconf 91' lang='lat' dir='ltr'><strong>hoc</strong></span> <span class='ocrx_word' id='word_1_134' title='bbox 475 2047 543 2089; x_wconf 88' lang='lat' dir='ltr'><strong>non</strong></span> <span class='ocrx_word' id='word_1_135' title='bbox 561 2038 611 2090; x_wconf 88' lang='lat' dir='ltr'><strong>est</strong></span> <span class='ocrx_word' id='word_1_136' title='bbox 627 2026 721 2100; x_wconf 88' lang='lat' dir='ltr'><strong>satis,</strong></span> <span class='ocrx_word' id='word_1_137' title='bbox 740 2025 831 2112; x_wconf 93' lang='lat' dir='ltr'><strong>quod</strong></span> <span class='ocrx_word' id='word_1_138' title='bbox 849 2025 936 2090; x_wconf 89' lang='lat' dir='ltr'><strong>haec</strong></span> <span class='ocrx_word' id='word_1_139' title='bbox 952 2025 1068 2090; x_wconf 90' lang='lat' dir='ltr'><strong>omnia</strong></span> <span class='ocrx_word' id='word_1_140' title='bbox 1084 2026 1203 2090; x_wconf 86' lang='lat' dir='ltr'><strong>deleta</strong></span> <span class='ocrx_word' id='word_1_141' title='bbox 1219 2025 1265 2088; x_wconf 90' lang='lat' dir='ltr'><strong>vi·</strong></span> 
     </span>
     <span class='ocr_line' id='line_1_19' title="bbox 209 2124 1264 2215; baseline 0.001 -27"><span class='ocrx_word' id='word_1_142' title='bbox 209 2125 331 2190; x_wconf 88' lang='lat' dir='ltr'><strong>dentur</strong></span> <span class='ocrx_word' id='word_1_143' title='bbox 355 2125 464 2190; x_wconf 91' lang='lat' dir='ltr'><strong>reditu</strong></span> <span class='ocrx_word' id='word_1_144' title='bbox 485 2147 575 2200; x_wconf 86' lang='lat' dir='ltr'><strong>meo,</strong></span> <span class='ocrx_word' id='word_1_145' title='bbox 594 2126 699 2189; x_wconf 88' lang='lat' dir='ltr'><strong>multo</strong></span> <span class='ocrx_word' id='word_1_146' title='bbox 719 2124 814 2201; x_wconf 87' lang='lat' dir='ltr'><strong>mihi,</strong></span> <span class='ocrx_word' id='word_1_147' title='bbox 835 2126 941 2190; x_wconf 90' lang='lat' dir='ltr'><strong>multo</strong></span> <span class='ocrx_word' id='word_1_148' title='bbox 961 2125 1159 2212; x_wconf 90' lang='lat' dir='ltr'><strong>(inquam),</strong></span> <span class='ocrx_word' id='word_1_149' title='bbox 1174 2125 1264 2215; x_wconf 87' lang='lat' dir='ltr'><strong>judi-</strong></span> 
     </span>
     <span class='ocr_line' id='line_1_20' title="bbox 209 2225 1263 2312; baseline 0 -24"><span class='ocrx_word' id='word_1_150' title='bbox 209 2245 280 2300; x_wconf 77' lang='lat' dir='ltr'><strong>ceS,</strong></span> <span class='ocrx_word' id='word_1_151' title='bbox 296 2238 445 2311; x_wconf 80' lang='lat' dir='ltr'><strong>praestat</strong></span> <span class='ocrx_word' id='word_1_152' title='bbox 461 2225 496 2289; x_wconf 92' lang='lat' dir='ltr'><strong>in</strong></span> <span class='ocrx_word' id='word_1_153' title='bbox 514 2225 658 2289; x_wconf 87' lang='lat' dir='ltr'><strong>eandem</strong></span> <span class='ocrx_word' id='word_1_154' title='bbox 677 2226 772 2289; x_wconf 92' lang='lat' dir='ltr'><strong>illam</strong></span> <span class='ocrx_word' id='word_1_155' title='bbox 789 2225 941 2290; x_wconf 88' lang='lat' dir='ltr'><strong>recidere</strong></span> <span class='ocrx_word' id='word_1_156' title='bbox 958 2225 1143 2301; x_wconf 84' lang='lat' dir='ltr'><strong>fortunam,</strong></span> <span class='ocrx_word' id='word_1_157' title='bbox 1159 2247 1263 2312; x_wconf 90' lang='lat' dir='ltr'><strong>quam</strong></span> 
     </span>
    </p>

    <p class='ocr_par' dir='ltr' id='par_1_7' title="bbox 152 2325 1321 2816">
     <span class='ocr_line' id='line_1_21' title="bbox 152 2325 1263 2410; baseline 0.002 -22"><span class='ocrx_word' id='word_1_158' title='bbox 152 2338 187 2377; x_wconf 88' lang='lat'><strong>20</strong></span> <span class='ocrx_word' id='word_1_159' title='bbox 209 2338 337 2389; x_wconf 87' lang='lat' dir='ltr'><strong>tantam</strong></span> <span class='ocrx_word' id='word_1_160' title='bbox 356 2327 539 2410; x_wconf 86' lang='lat' dir='ltr'><strong>importare</strong></span> <span class='ocrx_word' id='word_1_161' title='bbox 556 2325 642 2390; x_wconf 90' lang='lat' dir='ltr'><strong>meis</strong></span> <span class='ocrx_word' id='word_1_162' title='bbox 659 2325 896 2390; x_wconf 85' lang='lat' dir='ltr'><strong>defensoribus</strong></span> <span class='ocrx_word' id='word_1_163' title='bbox 912 2337 946 2390; x_wconf 89' lang='lat' dir='ltr'><strong>et</strong></span> <span class='ocrx_word' id='word_1_164' title='bbox 963 2327 1263 2391; x_wconf 85' lang='lat' dir='ltr'><strong>conservatoribus</strong></span> 
     </span>
     <span class='ocr_line' id='line_1_22' title="bbox 210 2424 1264 2512; baseline 0.001 -23"><span class='ocrx_word' id='word_1_165' title='bbox 210 2426 451 2491; x_wconf 87' lang='lat' dir='ltr'><strong>calamitatem.</strong></span> <span class='ocrx_word' id='word_1_166' title='bbox 501 2424 558 2490; x_wconf 90' lang='lat' dir='ltr'><strong>An</strong></span> <span class='ocrx_word' id='word_1_167' title='bbox 588 2447 653 2512; x_wconf 85' lang='lat' dir='ltr'><strong>ego</strong></span> <span class='ocrx_word' id='word_1_168' title='bbox 682 2426 716 2488; x_wconf 90' lang='lat' dir='ltr'><strong>in</strong></span> <span class='ocrx_word' id='word_1_169' title='bbox 744 2426 811 2489; x_wconf 89' lang='lat' dir='ltr'><strong>hac</strong></span> <span class='ocrx_word' id='word_1_170' title='bbox 834 2427 918 2491; x_wconf 87' lang='lat' dir='ltr'><strong>urbe</strong></span> <span class='ocrx_word' id='word_1_171' title='bbox 943 2447 1018 2490; x_wconf 91' lang='lat' dir='ltr'><strong>esse</strong></span> <span class='ocrx_word' id='word_1_172' title='bbox 1043 2426 1189 2510; x_wconf 85' lang='lat' dir='ltr'><strong>possim,</strong></span> <span class='ocrx_word' id='word_1_173' title='bbox 1214 2426 1264 2490; x_wconf 90' lang='lat' dir='ltr'><strong>his</strong></span> 
     </span>
     <span class='ocr_line' id='line_1_23' title="bbox 210 2523 1321 2615; baseline -0.001 -25"><span class='ocrx_word' id='word_1_174' title='bbox 210 2528 316 2611; x_wconf 88' lang='lat' dir='ltr'><strong>pulsis</strong></span> <span class='ocrx_word' id='word_1_175' title='bbox 339 2528 396 2614; x_wconf 91' lang='lat' dir='ltr'><strong>qui</strong></span> <span class='ocrx_word' id='word_1_176' title='bbox 417 2548 472 2591; x_wconf 91' lang='lat' dir='ltr'><strong>me</strong></span> <span class='ocrx_word' id='word_1_177' title='bbox 495 2526 595 2615; x_wconf 89' lang='lat' dir='ltr'><strong>hujus</strong></span> <span class='ocrx_word' id='word_1_178' title='bbox 620 2526 714 2590; x_wconf 90' lang='lat' dir='ltr'><strong>urbis</strong></span> <span class='ocrx_word' id='word_1_179' title='bbox 742 2538 933 2611; x_wconf 92' lang='lat' dir='ltr'><strong>compotem</strong></span> <span class='ocrx_word' id='word_1_180' title='bbox 958 2525 1133 2590; x_wconf 81' lang='lat' dir='ltr'><strong>fecerunt?</strong></span> <span class='ocrx_word' id='word_1_181' title='bbox 1184 2527 1263 2591; x_wconf 91' lang='lat' dir='ltr'><strong>Non</strong></span> <span class='ocrx_word' id='word_1_182' title='bbox 1320 2523 1321 2552; x_wconf 76' lang='lat'><em>³</em></span> 
     </span>
     <span class='ocr_line' id='line_1_24' title="bbox 209 2625 1263 2715; baseline -0.003 -22"><span class='ocrx_word' id='word_1_183' title='bbox 209 2650 278 2702; x_wconf 85' lang='lat' dir='ltr'><strong>ero,</strong></span> <span class='ocrx_word' id='word_1_184' title='bbox 308 2651 376 2693; x_wconf 92' lang='lat' dir='ltr'><strong>non</strong></span> <span class='ocrx_word' id='word_1_185' title='bbox 405 2641 521 2714; x_wconf 90' lang='lat' dir='ltr'><strong>potero</strong></span> <span class='ocrx_word' id='word_1_186' title='bbox 549 2647 637 2700; x_wconf 85' lang='lat' dir='ltr'><strong>esse,</strong></span> <span class='ocrx_word' id='word_1_187' title='bbox 661 2627 808 2715; x_wconf 87' lang='lat' dir='ltr'><strong>judices.</strong></span> <span class='ocrx_word' id='word_1_188' title='bbox 858 2625 982 2712; x_wconf 89' lang='lat' dir='ltr'><strong>Neque</strong></span> <span class='ocrx_word' id='word_1_189' title='bbox 1011 2627 1067 2690; x_wconf 93' lang='lat' dir='ltr'><strong>hic</strong></span> <span class='ocrx_word' id='word_1_190' title='bbox 1097 2648 1263 2713; x_wconf 87' lang='lat' dir='ltr'><strong>umquam</strong></span> 
     </span>
     <span class='ocr_line' id='line_1_25' title="bbox 210 2727 1264 2816; baseline -0.002 -23"><span class='ocrx_word' id='word_1_191' title='bbox 210 2751 306 2814; x_wconf 87' lang='lat' dir='ltr'><strong>puer,</strong></span> <span class='ocrx_word' id='word_1_192' title='bbox 326 2730 383 2816; x_wconf 90' lang='lat' dir='ltr'><strong>qui</strong></span> <span class='ocrx_word' id='word_1_193' title='bbox 402 2729 454 2794; x_wconf 93' lang='lat' dir='ltr'><strong>his</strong></span> <span class='ocrx_word' id='word_1_194' title='bbox 471 2727 622 2792; x_wconf 89' lang='lat' dir='ltr'><strong>lacrimis</strong></span> <span class='ocrx_word' id='word_1_195' title='bbox 638 2748 706 2813; x_wconf 90' lang='lat' dir='ltr'><strong>qua</strong></span> <span class='ocrx_word' id='word_1_196' title='bbox 730 2727 773 2791; x_wconf 92' lang='lat' dir='ltr'><strong>sit</strong></span> <span class='ocrx_word' id='word_1_197' title='bbox 797 2727 921 2811; x_wconf 87' lang='lat' dir='ltr'><strong>pietate</strong></span> <span class='ocrx_word' id='word_1_198' title='bbox 945 2727 1110 2801; x_wconf 86' lang='lat' dir='ltr'><strong>declarat,</strong></span> <span class='ocrx_word' id='word_1_199' title='bbox 1135 2728 1264 2791; x_wconf 88' lang='lat' dir='ltr'><strong>amisso</strong></span> 
     </span>
    </p>

    <p class='ocr_par' dir='ltr' id='par_1_8' title="bbox 152 2826 1262 3317">
     <span class='ocr_line' id='line_1_26' title="bbox 152 2826 1261 2918; baseline -0.004 -24"><span class='ocrx_word' id='word_1_200' title='bbox 152 2853 187 2908; x_wconf 85' lang='lat'><strong>25</strong></span> <span class='ocrx_word' id='word_1_201' title='bbox 208 2844 303 2918; x_wconf 84' lang='lat' dir='ltr'><strong>patre</strong></span> <span class='ocrx_word' id='word_1_202' title='bbox 326 2853 387 2896; x_wconf 93' lang='lat' dir='ltr'><strong>suo</strong></span> <span class='ocrx_word' id='word_1_203' title='bbox 413 2841 549 2916; x_wconf 87' lang='lat' dir='ltr'><strong>propter</strong></span> <span class='ocrx_word' id='word_1_204' title='bbox 573 2849 640 2901; x_wconf 88' lang='lat' dir='ltr'><strong>me,</strong></span> <span class='ocrx_word' id='word_1_205' title='bbox 665 2847 719 2892; x_wconf 91' lang='lat' dir='ltr'><strong>me</strong></span> <span class='ocrx_word' id='word_1_206' title='bbox 744 2827 855 2912; x_wconf 88' lang='lat' dir='ltr'><strong>ipsum</strong></span> <span class='ocrx_word' id='word_1_207' title='bbox 881 2826 1087 2890; x_wconf 89' lang='lat' dir='ltr'><strong>incolumem</strong></span> <span class='ocrx_word' id='word_1_208' title='bbox 1111 2826 1261 2901; x_wconf 88' lang='lat' dir='ltr'><strong>videbit;</strong></span> 
     </span>
     <span class='ocr_line' id='line_1_27' title="bbox 208 2927 1262 3020; baseline -0.007 -22"><span class='ocrx_word' id='word_1_209' title='bbox 208 2955 272 2998; x_wconf 89' lang='lat' dir='ltr'><strong>nec</strong></span> <span class='ocrx_word' id='word_1_210' title='bbox 289 2933 592 3020; x_wconf 88' lang='lat' dir='ltr'><strong>quotienscumque</strong></span> <span class='ocrx_word' id='word_1_211' title='bbox 609 2951 664 2992; x_wconf 90' lang='lat' dir='ltr'><strong>me</strong></span> <span class='ocrx_word' id='word_1_212' title='bbox 680 2928 814 3001; x_wconf 89' lang='lat' dir='ltr'><strong>viderit,</strong></span> <span class='ocrx_word' id='word_1_213' title='bbox 833 2927 1047 3014; x_wconf 88' lang='lat' dir='ltr'><strong>ingemescet</strong></span> <span class='ocrx_word' id='word_1_214' title='bbox 1066 2946 1107 2990; x_wconf 92' lang='lat' dir='ltr'><strong>ac</strong></span> <span class='ocrx_word' id='word_1_215' title='bbox 1130 2939 1262 3011; x_wconf 89' lang='lat' dir='ltr'><strong>pestem</strong></span> 
     </span>
     <span class='ocr_line' id='line_1_28' title="bbox 208 3025 1262 3119; baseline -0.009 -20"><span class='ocrx_word' id='word_1_216' title='bbox 208 3055 304 3099; x_wconf 90' lang='lat' dir='ltr'><strong>suam</strong></span> <span class='ocrx_word' id='word_1_217' title='bbox 328 3055 369 3099; x_wconf 87' lang='lat' dir='ltr'><strong>ac</strong></span> <span class='ocrx_word' id='word_1_218' title='bbox 392 3032 496 3119; x_wconf 87' lang='lat' dir='ltr'><strong>patris</strong></span> <span class='ocrx_word' id='word_1_219' title='bbox 517 3031 568 3094; x_wconf 87' lang='lat' dir='ltr'><strong>sui</strong></span> <span class='ocrx_word' id='word_1_220' title='bbox 588 3051 624 3094; x_wconf 92' lang='lat' dir='ltr'><strong>se</strong></span> <span class='ocrx_word' id='word_1_221' title='bbox 647 3030 737 3094; x_wconf 88' lang='lat' dir='ltr'><strong>dicet</strong></span> <span class='ocrx_word' id='word_1_222' title='bbox 760 3028 888 3092; x_wconf 89' lang='lat' dir='ltr'><strong>videre.</strong></span> <span class='ocrx_word' id='word_1_223' title='bbox 939 3025 1016 3114; x_wconf 89' lang='lat' dir='ltr'><strong>Ego</strong></span> <span class='ocrx_word' id='word_1_224' title='bbox 1032 3049 1113 3091; x_wconf 89' lang='lat' dir='ltr'><strong>vero</strong></span> <span class='ocrx_word' id='word_1_225' title='bbox 1138 3027 1204 3093; x_wconf 90' lang='lat' dir='ltr'><strong>hos</strong></span> <span class='ocrx_word' id='word_1_226' title='bbox 1229 3028 1262 3092; x_wconf 91' lang='lat' dir='ltr'><strong>in</strong></span> 
     </span>
     <span class='ocr_line' id='line_1_29' title="bbox 207 3127 1259 3218; baseline -0.008 -19"><span class='ocrx_word' id='word_1_227' title='bbox 207 3135 299 3199; x_wconf 91' lang='lat' dir='ltr'><strong>omni</strong></span> <span class='ocrx_word' id='word_1_228' title='bbox 332 3135 480 3202; x_wconf 76' lang='lat' dir='ltr'><strong>fortuna,</strong></span> <span class='ocrx_word' id='word_1_229' title='bbox 509 3151 747 3218; x_wconf 90' lang='lat' dir='ltr'><strong>quaecumque</strong></span> <span class='ocrx_word' id='word_1_230' title='bbox 779 3128 842 3193; x_wconf 89' lang='lat' dir='ltr'><strong>erit</strong></span> <span class='ocrx_word' id='word_1_231' title='bbox 872 3127 1000 3201; x_wconf 85' lang='lat' dir='ltr'><strong>oblata,</strong></span> <span class='ocrx_word' id='word_1_232' title='bbox 1029 3128 1259 3213; x_wconf 82' lang='lat' dir='ltr'><strong>complectar3</strong></span> 
     </span>
     <span class='ocr_line' id='line_1_30' title="bbox 208 3227 1259 3317; baseline -0.007 -20"><span class='ocrx_word' id='word_1_233' title='bbox 208 3257 271 3299; x_wconf 91' lang='lat' dir='ltr'><strong>nec</strong></span> <span class='ocrx_word' id='word_1_234' title='bbox 300 3256 354 3298; x_wconf 91' lang='lat' dir='ltr'><strong>me</strong></span> <span class='ocrx_word' id='word_1_235' title='bbox 384 3234 427 3298; x_wconf 88' lang='lat' dir='ltr'><strong>ab</strong></span> <span class='ocrx_word' id='word_1_236' title='bbox 455 3232 504 3298; x_wconf 92' lang='lat' dir='ltr'><strong>eis</strong></span> <span class='ocrx_word' id='word_1_237' title='bbox 532 3253 617 3317; x_wconf 89' lang='lat' dir='ltr'><strong>quos</strong></span> <span class='ocrx_word' id='word_1_238' title='bbox 647 3253 723 3294; x_wconf 90' lang='lat' dir='ltr'><strong>meo</strong></span> <span class='ocrx_word' id='word_1_239' title='bbox 751 3228 889 3293; x_wconf 91' lang='lat' dir='ltr'><strong>nomine</strong></span> <span class='ocrx_word' id='word_1_240' title='bbox 916 3227 1107 3292; x_wconf 86' lang='lat' dir='ltr'><strong>sordidatos</strong></span> <span class='ocrx_word' id='word_1_241' title='bbox 1138 3227 1259 3292; x_wconf 87' lang='lat' dir='ltr'><strong>videtis</strong></span> 
     </span>
    </p>

    <p class='ocr_par' dir='ltr' id='par_1_9' title="bbox 153 3327 1257 3622">
     <span class='ocr_line' id='line_1_31' title="bbox 153 3327 1256 3421; baseline -0.005 -23"><span class='ocrx_word' id='word_1_242' title='bbox 153 3361 189 3415; x_wconf 86' lang='lat'><strong>30</strong></span> <span class='ocrx_word' id='word_1_243' title='bbox 207 3356 369 3421; x_wconf 86' lang='lat' dir='ltr'><strong>umquam</strong></span> <span class='ocrx_word' id='word_1_244' title='bbox 395 3335 465 3398; x_wconf 93' lang='lat' dir='ltr'><strong>ulla</strong></span> <span class='ocrx_word' id='word_1_245' title='bbox 489 3331 623 3397; x_wconf 81' lang='lat' dir='ltr'><strong>fortuna</strong></span> <span class='ocrx_word' id='word_1_246' title='bbox 652 3331 810 3402; x_wconf 89' lang='lat' dir='ltr'><strong>divellet;</strong></span> <span class='ocrx_word' id='word_1_247' title='bbox 850 3349 962 3414; x_wconf 89' lang='lat' dir='ltr'><strong>neque</strong></span> <span class='ocrx_word' id='word_1_248' title='bbox 994 3348 1056 3392; x_wconf 87' lang='lat' dir='ltr'><strong>eae</strong></span> <span class='ocrx_word' id='word_1_249' title='bbox 1088 3327 1256 3401; x_wconf 89' lang='lat' dir='ltr'><strong>nationes,</strong></span> 
     </span>
     <span class='ocr_line' id='line_1_32' title="bbox 206 3427 1257 3520; baseline -0.006 -22"><span class='ocrx_word' id='word_1_250' title='bbox 206 3435 329 3520; x_wconf 89' lang='lat' dir='ltr'><strong>quibus</strong></span> <span class='ocrx_word' id='word_1_251' title='bbox 348 3455 400 3497; x_wconf 90' lang='lat' dir='ltr'><strong>me</strong></span> <span class='ocrx_word' id='word_1_252' title='bbox 417 3444 554 3497; x_wconf 89' lang='lat' dir='ltr'><strong>senatus</strong></span> <span class='ocrx_word' id='word_1_253' title='bbox 572 3429 837 3502; x_wconf 83' lang='lat' dir='ltr'><strong>commendavit,</strong></span> <span class='ocrx_word' id='word_1_254' title='bbox 855 3427 979 3513; x_wconf 89' lang='lat' dir='ltr'><strong>quibus</strong></span> <span class='ocrx_word' id='word_1_255' title='bbox 996 3427 1038 3492; x_wconf 88' lang='lat' dir='ltr'><strong>de</strong></span> <span class='ocrx_word' id='word_1_256' title='bbox 1057 3449 1110 3492; x_wconf 89' lang='lat' dir='ltr'><strong>me</strong></span> <span class='ocrx_word' id='word_1_257' title='bbox 1129 3429 1257 3515; x_wconf 86' lang='lat' dir='ltr'><strong>gratias</strong></span> 
     </span>
     <span class='ocr_line' id='line_1_33' title="bbox 206 3527 1151 3622; baseline -0.006 -24"><span class='ocrx_word' id='word_1_258' title='bbox 206 3535 289 3622; x_wconf 81' lang='lat' dir='ltr'><strong>egit,</strong></span> <span class='ocrx_word' id='word_1_259' title='bbox 309 3535 400 3598; x_wconf 88' lang='lat' dir='ltr'><strong>bunc</strong></span> <span class='ocrx_word' id='word_1_260' title='bbox 415 3533 571 3614; x_wconf 85' lang='lat' dir='ltr'><strong>exsulem</strong></span> <span class='ocrx_word' id='word_1_261' title='bbox 589 3544 726 3617; x_wconf 81' lang='lat' dir='ltr'><strong>propter</strong></span> <span class='ocrx_word' id='word_1_262' title='bbox 742 3552 797 3594; x_wconf 88' lang='lat' dir='ltr'><strong>mc</strong></span> <span class='ocrx_word' id='word_1_263' title='bbox 814 3529 888 3594; x_wconf 85' lang='lat' dir='ltr'><strong>sine</strong></span> <span class='ocrx_word' id='word_1_264' title='bbox 905 3549 959 3592; x_wconf 89' lang='lat' dir='ltr'><strong>me</strong></span> <span class='ocrx_word' id='word_1_265' title='bbox 976 3527 1151 3592; x_wconf 88' lang='lat' dir='ltr'><strong>videbunt.</strong></span> 
     </span>
    </p>
   </div>
   <div class='ocr_carea' id='block_1_3' title="bbox 0 0 1354 4262">
    <p class='ocr_par' dir='ltr' id='par_1_10' title="bbox 0 0 1354 4262">
     <span class='ocr_line' id='line_1_34' title="bbox 0 0 1354 4262; baseline 0 0"><span class='ocrx_word' id='word_1_266' title='bbox 0 0 1354 4262; x_wconf 95' lang='lat' dir='ltr'><strong> </strong></span> 
     </span>
    </p>
   </div>
  </div>
 </body>
</html>
