2714 4266
224 197 266 262 32
503 181 761 270 Irrqdeaclrment
785 185 832 269 ‘ff
854 182 990 249 Verres.
1123 172 1238 250 [Vina.
1257 181 1278 232 1.

223 381 357 457 diebus,
387 403 466 448 cum
499 395 672 469 praetores
705 385 875 472 designati
908 384 1118 458 sortirentur,
1152 394 1185 447 et
1219 382 1274 448 M.

224 480 367 547 Metello
390 484 580 568 obtigisset,
604 497 641 550 ut
663 484 692 550 is
712 487 755 551 de
776 483 930 570 pecuniis
951 484 1146 569 repetundis
1169 505 1277 570 quae·

224 594 332 656 reret3
365 583 537 648 nuntiatur
562 584 657 659 mihi,
682 596 811 650 tantam
835 585 888 650 isti
911 585 1173 672 gratulationem
1196 605 1275 648 esse

224 681 362 757 saetam,
377 695 413 746 ut
430 683 458 748 is
475 684 614 750 domum
632 707 767 772 quoque
785 708 909 772 pueros
927 689 1084 759 mitteret,
1099 684 1155 771 qui
1173 684 1276 748 uxori

193 803 306 860 5suae
331 783 537 849 nuntiarent.
585 803 633 850 aa.
656 783 751 850 Sane
777 807 819 850 ne
845 788 932 850 haec
954 785 1092 872 quidem
1114 784 1196 848 mihi
1219 806 1275 848 res

223 883 401 967 placebat:
431 906 540 972 neque
565 896 693 961 tamen,
712 899 805 951 tanto
825 908 928 972 opere
949 886 1030 973 quid
1049 885 1082 950 in
1100 886 1166 949 hac
1183 897 1275 948 sorte

223 984 444 1048 metuendum
464 986 548 1050 mihi
567 999 668 1062 esset,
688 987 942 1074 intellegebam.
993 985 1111 1052 Unum
1128 985 1212 1049 illud
1231 1006 1275 1048 ex

223 1084 418 1150 hominibus
443 1086 556 1164 certis,
583 1109 627 1152 ex
651 1087 774 1174 quibus
798 1088 914 1152 omnia
937 1086 1102 1172 comperi,
1126 1085 1273 1170 reperie

221 1184 323 1249 barn:
349 1186 450 1251 fiscos
468 1187 653 1273 compluris
674 1209 750 1252 cum
771 1187 919 1273 pecunia
941 1186 1127 1262 Siciliensi,
1146 1207 1166 1249 a
1189 1208 1276 1272 quo-

177 1309 208 1344 ιο
223 1285 303 1350 dam
321 1298 478 1352 senatore
511 1287 555 1352 ad
571 1288 720 1374 equitem
745 1287 945 1352 Romanum
969 1309 1044 1354 esse
1068 1287 1274 1352 translatos:

223 1407 267 1450 ex
285 1385 338 1450 his
354 1386 450 1472 quasi
468 1387 588 1452 decem
608 1388 710 1452 fiscos
733 1388 777 1452 ad
801 1399 994 1452 senatorem
1019 1387 1114 1451 illum
1138 1386 1275 1450 relictos

223 1508 314 1562 esse,
332 1487 545 1552 comitiorum
565 1510 718 1553 meorum
736 1487 895 1553 nomine:
929 1486 1094 1552 divisores
1118 1485 1275 1550 omnium

222 1587 371 1651 tribuum
393 1600 496 1653 noctu
516 1588 560 1653 ad
585 1590 686 1653 istum
711 1601 862 1653 vocatos.
910 1603 956 1650 aa.
981 1587 1037 1652 Ex
1052 1587 1175 1673 quibus
1199 1586 1275 1672 qui·

223 1687 317 1763 dam,
344 1688 400 1774 qui
429 1710 467 1753 se
493 1688 609 1753 omnia
638 1709 716 1753 mea
746 1709 850 1752 causa
879 1688 1003 1752 debere
1032 1687 1273 1762 arbitrabatur,

177 1809 206 1858 ¹5
224 1789 346 1853 eadem
371 1788 429 1852 illa
454 1801 552 1854 nocte
577 1789 622 1854 ad
648 1811 702 1852 me
726 1788 839 1852 venit:
873 1787 1094 1862 demonstrat,
1117 1808 1185 1873 qua
1210 1786 1274 1851 iste

223 1889 376 1956 oratione
392 1911 474 1953 usus
491 1901 601 1954 esset:
623 1909 909 1953 commemorasse
927 1887 1040 1978 istum,
1054 1909 1158 1974 quam
1172 1888 1275 1952 liber-

223 1990 321 2056 aliter
337 2010 396 2054 eos
412 1999 589 2054 tractasset
605 1987 744 2076 [etiam]
763 2000 876 2062 antea,
891 2009 969 2052 cum
987 1987 1059 2072 ipse
1077 1997 1274 2072 praeturam

225 2090 375 2176 petisset,
394 2100 427 2153 et
450 2088 614 2174 proximis
639 2087 876 2154 consularibus
901 2087 1144 2174 praetoriisque
1168 2089 1276 2153 comi-

223 2191 298 2256 tiis:
328 2188 451 2254 deinde
476 2190 637 2254 continuo
654 2209 730 2253 esse
747 2187 949 2273 pollicitum,
967 2201 1130 2274 quantam
1146 2189 1277 2254 vellent

177 2307 207 2340 ²0
224 2291 420 2378 pecuniam,
455 2289 482 2354 si
515 2310 570 2354 me
603 2289 774 2354 aedilitate
806 2288 1022 2374 dejecissent.
1089 2287 1157 2352 Hic
1188 2290 1276 2354 alios

224 2414 372 2481 negasse
410 2391 557 2464 audere3
601 2391 686 2454 alios
721 2388 953 2472 respondisse,
987 2410 1054 2454 non
1087 2401 1207 2475 putare
1240 2391 1276 2457 id

224 2493 342 2582 perfici
367 2511 489 2578 posse:
522 2490 697 2554 inventum
722 2501 837 2552 tamen
861 2509 937 2553 esse
962 2488 1082 2554 sortem
1107 2491 1275 2566 amicum,

224 2617 269 2660 ex
297 2594 418 2659 eadem
448 2589 589 2665 familia,
620 2587 674 2672 Q,
694 2587 853 2662 Verrem,
880 2589 1047 2664 Romilia,
1074 2612 1117 2656 ex
1145 2593 1276 2676 optima

224 2695 409 2761 divisorum
442 2690 636 2776 disciplina,
670 2689 774 2774 patris
807 2689 902 2755 istius
935 2689 1141 2775 discipulum
1172 2703 1275 2780 atque

177 2807 206 2856 ²5
225 2796 387 2868 emicunt,
409 2792 481 2880 qui,
508 2790 569 2856 HS
595 2790 791 2878 quingentis
817 2791 954 2856 milibus
978 2792 1152 2877 depositis,
1177 2793 1212 2858 id
1236 2815 1275 2858 se

218 2896 452 2982 'perfecturum
478 2893 716 2978 polliceretur:
759 2901 792 2954 et
815 2890 920 2956 fuisse
948 2903 1020 2956 tum
1049 2914 1117 2958 non
1146 2893 1274 2967 nulloS,

224 2996 282 3083 qui
314 3017 351 3060 se
383 3015 451 3058 una
482 2993 629 3057 facturos
658 3011 732 3056 esse
761 2991 925 3056 dicerent.
989 2991 1090 3077 Qae
1119 3014 1198 3056 cum
1228 2992 1276 3056 ita
1318 3063 1324 3076 ,

127 3125 149 3168 κ
225 3106 350 3170 essent,
366 3115 449 3160 sane
466 3094 634 3158 benevolo
650 3092 765 3157 animo
783 3112 850 3167 me,
867 3103 902 3156 ut
915 3113 1043 3180 magno
1056 3113 1159 3177 opere
1173 3112 1277 3157 cave·

164 3190 296 3302 *Rrem
314 3195 572 3280 praemonebat.

176 3308 207 3358 ³0
238 3306 320 3379 ‘qm
342 3311 389 3358 at.
413 3292 631 3362 Sollicitabar
647 3290 748 3356 rebus
767 3291 925 3356 maximis
942 3313 1011 3356 uno
1029 3301 1128 3378 atque
1146 3312 1186 3356 eo
1198 3312 1277 3377 per-

225 3381 352 3482 exiguo
377 3406 541 3477 tempore.
601 3391 781 3477 Urgebant
806 3391 963 3463 comitia3
997 3402 1030 3455 et
1053 3391 1087 3455 in
1113 3390 1166 3454 his
1190 3390 1275 3476 ipsis

224 3493 453 3580 oppugnabar
477 3489 600 3578 grandi
625 3490 783 3574 pecunia.
844 3489 996 3554 Instabat
1019 3491 1209 3578 judicium:
1242 3492 1274 3554 ei

224 3614 359 3679 quoque
384 3592 521 3674 negotio
545 3589 617 3653 fisci
647 3588 845 3654 Sicilienses
878 3589 1105 3654 minabantur.
1154 3589 1275 3678 Agere

224 3712 314 3777 quae
336 3692 379 3754 ad
398 3690 563 3777 judicium
589 3689 802 3772 pertinebant
818 3687 935 3762 libere,
951 3689 1163 3753 comitiorum
1181 3702 1275 3754 metu

177 3805 208 3858 35
226 3790 441 3856 deterrebar:
467 3787 617 3872 petitioni
635 3798 702 3851 toto
728 3786 841 3850 animo
867 3787 1006 3862 servire,
1026 3801 1163 3873 propter
1182 3789 1276 3878 judi-

225 3890 315 3954 cium
344 3910 413 3952 non
441 3887 577 3952 licebat.
627 3883 756 3948 Minari
783 3883 930 3970 denique
957 3885 1161 3952 divisoribus
1189 3889 1276 3954 ratio
