2716 4266
112 179 449 251 XXX⁸1¹·100·]Cr'cero
472 182 586 248 makes
608 182 725 249 Milo's
754 182 866 250 Cause
888 183 941 248 dis
964 205 1054 248 owlz.
1106 197 1168 266 207

110 382 213 448 omni
229 382 263 446 in
281 383 457 448 hominum
478 396 575 449 coetu
601 384 720 471 gratiis
746 385 891 472 agendis
915 395 949 450 et
973 384 1172 472 gratulatio-

111 483 219 548 nibus
237 484 403 548 habendis
420 497 452 548 et
467 485 559 549 omni
580 506 738 548 sermone
763 485 1002 550 celebramur!
1041 485 1171 550 Omitto

111 582 275 647 Etruriae
299 584 401 648 festos
430 595 462 648 et
485 597 579 650 actos
599 595 631 648 et
658 585 825 650 institutos
854 585 948 649 dies:
984 587 1169 650 centesima

111 683 179 748 lux
204 697 255 748 est
271 685 357 748 haec
374 686 417 748 ab
443 685 578 748 interitu
604 683 643 747 Ρ.
664 683 778 758 Clodi,
797 697 830 748 et
861 685 1018 772 (opinor)
1048 686 1166 750 altera.

113 782 201 868 Qia
217 784 303 848 fines
327 784 447 869 imperi
472 785 589 870 populi
614 784 764 848 Romani
790 797 881 860 sunt,
900 806 941 850 ea
967 808 1034 850 non
1059 787 1168 850 solum
1189 815 1202 867 5

111 884 210 948 sama
231 884 303 971 jam
320 885 363 948 de
381 885 452 959 illo,
471 886 533 948 sed
551 885 652 948 etiam
670 884 796 948 laetitia
813 887 1022 972 peragravit.
1051 883 1168 970 Quam

111 985 162 1050 ob
178 1006 250 1050 rem
278 983 365 1050 ‘Ubi
384 1006 507 1069 corpus
525 985 590 1050 hoc
607 983 649 1048 sit
665 984 758 1060 non,'
774 985 896 1071 inquit,
916 999 924 1026 ‘
940 987 1068 1060 laboro,
1087 1007 1172 1071 quo·

113 1085 211 1149 niam
239 1084 397 1150 omnibus
425 1085 459 1149 in
488 1085 585 1150 terris
616 1096 650 1150 et
680 1084 752 1172 jam
785 1099 939 1150 versatur
971 1098 1004 1150 et
1035 1105 1171 1170 semper

113 1185 285 1250 habitabit
305 1185 463 1249 nominis
496 1185 562 1248 mei
596 1185 732 1271 gloria.'

162 1305 292 1350 xxxvi.
318 1301 366 1348 uu.
392 1285 490 1348 Haec
518 1298 552 1350 tu
577 1285 717 1350 'mecum
747 1307 851 1371 saepe
876 1286 930 1350 his
960 1285 1169 1358 absentibus
1191 1323 1223 1362 ,0

115 1386 179 1450 sed
204 1385 312 1450 isdem
338 1385 554 1450 audientibus
579 1386 666 1450 haec
690 1407 756 1472 ego
788 1400 914 1460 tecum,
958 1385 1065 1452 Milo:
1094 1383 1171 1448 ‘Te

115 1487 271 1572 quidem,
290 1508 367 1550 cum
386 1487 449 1550 isto
467 1487 582 1552 animo
600 1509 648 1560 es,
668 1489 748 1552 satis
766 1488 906 1552 laudare
924 1508 993 1551 non
1010 1507 1170 1570 possum3

117 1587 193 1652 sed.
212 1607 280 1672 quo
305 1599 356 1651 est
381 1587 444 1650 ista
470 1587 581 1674 magis
606 1587 721 1652 divina
747 1587 864 1662 virtus,
883 1608 923 1652 eo
941 1587 1069 1673 majore
1096 1607 1115 1649 a
1140 1601 1172 1650 te

117 1687 237 1752 dolore
269 1687 423 1752 divellor.
474 1686 551 1752 Nec
579 1709 673 1762 vero,
703 1687 730 1752 si
758 1688 839 1752 mihi
867 1686 1021 1770 eriperis,
1041 1686 1172 1771 reliqua

118 1800 170 1852 est
187 1788 245 1850 illa
270 1801 383 1854 tamen
412 1790 456 1853 ad
483 1789 728 1854 consolandum
754 1789 920 1873 querella,
940 1799 975 1850 ut
998 1787 1047 1850 eis
1070 1786 1169 1850 irasci
1193 1813 1222 1869 15

118 1888 262 1973 possim,
282 1910 301 1952 a
318 1891 441 1976 quibus
465 1901 595 1954 tantum
613 1890 734 1954 volnus
755 1909 933 1972 accepero.
981 1885 1062 1950 Nou
1080 1885 1180 1967 enim·

117 1989 249 2055 inimici
268 1991 333 2054 mei
351 2004 382 2056 te
401 1991 484 2054 mihi
502 1990 657 2075 eripient,
673 1990 733 2054 sed
751 1987 969 2060 amicissimi;
996 2009 1063 2050 non
1083 1987 1172 2050 male

118 2090 306 2176 aliquando
324 2093 367 2156 de
385 2113 439 2155 me
458 2091 578 2164 meriti,
597 2091 658 2155 sed
675 2110 810 2172 semper
827 2087 977 2172 optime.'
1024 2086 1171 2150 Nullum

117 2213 297 2280 umquam,
328 2193 475 2280 judices,
510 2191 592 2254 milii
625 2202 754 2254 tantum
787 2190 939 2254 dolorem
971 2187 1173 2252 inuretis-

118 2294 182 2359 etsi
209 2294 287 2380 quis
315 2307 425 2379 potest
453 2314 527 2357 esse
551 2289 813 2356 tantusi-sed
841 2311 884 2352 ne
912 2289 1004 2352 hunc
1031 2287 1171 2374 quidem
1189 2304 1225 2348 20

117 2396 246 2481 ipsum,
261 2408 296 2460 ut
306 2395 490 2460 obliviscar
506 2393 622 2478 quanti
641 2412 695 2454 me
713 2409 848 2474 semper
865 2388 1023 2453 feceritis.
1068 2386 1171 2470 Qae

117 2497 226 2562 sivos
243 2496 332 2581 cepit
348 2495 487 2568 oblivi0,
504 2504 562 2556 aut
577 2492 604 2556 si
622 2491 655 2554 in
674 2512 728 2554 me
746 2490 873 2575 aliquid
890 2488 1092 2562 offendistis,
1112 2509 1173 2552 cur

116 2619 188 2662 non
208 2598 242 2663 id
260 2619 336 2662 meo
354 2597 465 2682 capite
484 2592 594 2679 potius
611 2591 713 2655 luitur
729 2612 832 2676 quam
856 2587 1019 2652 Milonis?
1067 2587 1171 2652 Prae-

117 2698 211 2763 clare
234 2699 324 2762 enim
348 2698 479 2768 vixero,
504 2694 531 2758 si
557 2692 639 2778 quid
663 2691 745 2754 mihi
769 2689 931 2754 acciderit
952 2689 1046 2773 prius
1068 2710 1168 2773 quam

116 2799 184 2864 hoc
200 2811 329 2862 tantum
348 2798 428 2862 mali
446 2796 574 2860 uidero.
619 2806 682 2853 100.
706 2789 810 2854 Nunc
827 2811 881 2852 me
898 2809 967 2852 una
985 2788 1170 2853 consolatio
1189 2797 1221 2854 ²5

116 2910 297 2973 sustentat,
314 2899 406 2986 quod
434 2897 506 2971 tibi,
536 2894 581 2959 T.
609 2891 717 2965 Anni,
737 2890 868 2953 nullum
897 2909 917 2952 a
947 2909 1001 2951 me
1030 2888 1169 2961 amoriS,

117 3000 249 3064 nullum
279 2999 380 3073 studi,
405 2999 537 3061 nullum
566 2992 700 3080 pietatis
733 2988 882 3055 officium
915 2989 1032 3052 deluit.
1093 2987 1170 3073 Ego

116 3099 311 3164 inimicitias
324 3099 509 3184 potentium
528 3118 588 3180 pro
606 3106 637 3158 te
655 3089 826 3177 appetivi3
851 3109 917 3174 ego
935 3109 1048 3151 meum
1066 3107 1170 3172 saepe

117 3221 241 3285 corpus
276 3211 309 3263 et
344 3200 449 3262 vitam
486 3195 595 3284 objeci
631 3193 735 3258 armis
766 3189 981 3254 inimicorum
1013 3200 1168 3260 tuorum;

117 3321 185 3388 ego
208 3321 262 3363 me
287 3299 442 3384 plurimis
461 3319 523 3382 pro
545 3308 577 3360 te
605 3294 794 3378 supplicem
822 3288 953 3376 abjeci3
981 3289 1084 3362 bona,
1103 3288 1170 3352 sor·
1186 3298 1222 3352 30

116 3412 217 3466 tunas
246 3419 340 3463 meas
366 3419 407 3463 ac
435 3397 619 3461 liberorum
647 3413 800 3458 meorum
828 3391 863 3456 in
892 3388 1169 3454 communionem

116 3512 251 3565 tuorum
279 3512 469 3584 temporum
499 3495 647 3560 contuli:
684 3493 750 3557 hoc
776 3491 924 3576 denique
940 3489 1027 3574 ipso
1054 3489 1122 3562 die,
1141 3487 1168 3552 si

116 3621 206 3687 quae
234 3600 285 3664 vis
309 3613 360 3662 est
383 3609 515 3682 parata,
535 3595 561 3660 si
587 3613 675 3679 quae
700 3590 872 3656 dimicatio
897 3589 1017 3674 capitis
1042 3588 1166 3660 sutura,

116 3703 281 3786 deposco.
323 3697 416 3780 Quid
437 3694 510 3784 jam
527 3691 653 3758 restat?
694 3689 788 3775 Qtd
806 3691 918 3756 habeo
934 3690 1025 3775 quod
1044 3687 1168 3752 faciam

117 3823 179 3887 pro
195 3799 261 3864 tuis
277 3799 312 3862 in
329 3819 384 3862 me
401 3796 542 3870 metilia,
557 3793 621 3858 nisi
639 3803 674 3856 ut
690 3811 768 3856 eam
783 3789 969 3864 fortunam,
984 3809 1170 3875 quaecum·
1184 3796 1217 3852 ³⁵

117 3923 183 3982 que
201 3899 263 3964 erit
279 3911 350 3972 tua,
369 3898 491 3961 ducam
510 3891 646 3957 meam?
680 3890 760 3954 Non
786 3910 919 3962 recuSO,
939 3910 1007 3952 non
1033 3889 1166 3957 abnuo;
