2668 4262
193 180 255 267 158
440 177 588 246 Cicero’s
609 177 718 244 Exr‘le
740 179 815 244 and
834 177 987 244 Return.
1088 175 1244 246 [SESTwS.

189 381 297 447 satum
322 378 528 446 reservavit:
561 399 641 466 ego,
666 378 724 465 qui
752 378 873 464 (quern
902 379 947 444 ad
974 378 1117 444 modum
1145 378 1246 442 multi

191 483 225 545 in
245 495 365 545 senatu
390 502 445 544 me
470 480 609 543 absente
634 479 811 562 dixerunt)
833 479 985 563 periculo
1009 481 1057 544 rei
1082 479 1247 564 publicae

191 581 363 654 vivebam,
381 580 507 665 quique
527 579 570 642 ob
591 599 667 642 eam
692 599 833 642 causam
859 579 1099 643 consularibus
1124 579 1248 642 litteris

191 681 234 745 de
259 692 397 744 senatus
420 678 585 744 sententia
604 677 728 742 exteris
747 677 940 742 nationibus
956 680 1248 751 commendabas,

134 800 150 855 5
192 802 318 854 nonne,
348 780 375 844 si
410 799 521 841 meam
554 778 657 840 vitam
690 778 931 852 deseruissem,
961 800 1032 842 rem
1066 779 1250 862 publicam

192 879 442 966 prodidissem?
480 879 514 941 in
539 900 607 963 qua
631 877 770 964 quidem
796 899 887 942 nunc
912 901 965 944 me
987 879 1141 944 restituto
1165 879 1253 942 vivit

100 1053 106 1064 ι
192 1001 327 1043 mecum
360 978 460 1042 simul
493 978 689 1062 exemplum
721 977 799 1042 fidei
833 979 1003 1063 publicae.
1074 978 1189 1065 Quod
1224 979 1253 1044 si

192 1079 383 1144 immortale
415 1079 589 1152 retinetur,
616 1078 692 1165 quis
723 1101 792 1143 non
821 1078 987 1168 intellegit
1013 1080 1253 1147 immortalem

193 1183 284 1244 hanc
318 1179 488 1245 civitatem
529 1177 700 1243 suturam?
767 1195 814 1244 aa.
841 1179 934 1246 Nam
971 1195 1116 1248 externa
1154 1183 1253 1248 bella

138 1311 172 1350 ιο
193 1302 328 1369 regum,
352 1281 520 1369 gentium,
544 1281 718 1346 nationum
747 1281 820 1370 jam
848 1284 981 1369 pridem
1004 1286 1051 1350 ita
1075 1285 1254 1350 exstincta

193 1394 284 1458 sunt,
316 1393 353 1447 ut
386 1382 564 1466 praeclare
598 1402 676 1446 cum
711 1383 761 1448 eis
793 1404 953 1471 agamuS,
985 1406 1071 1471 quos
1103 1398 1254 1471 pacatos

193 1505 269 1549 esse
292 1483 473 1570 patiamur.
523 1482 680 1569 Denique
703 1505 747 1548 ex
770 1483 895 1550 bellica
916 1485 1057 1551 victoria
1078 1508 1151 1552 non
1177 1486 1253 1552 sere

194 1605 402 1672 quemquam
434 1595 484 1649 est
515 1583 647 1649 invidia
676 1583 803 1649 civium
837 1598 1033 1652 consecuta.
1099 1587 1253 1652 Domes-

193 1686 269 1750 ticis
286 1685 386 1750 malis
403 1695 436 1749 et
455 1685 639 1749 audacium
664 1685 789 1749 civium
814 1686 975 1752 consiliis
990 1708 1094 1772 saepe
1118 1700 1174 1752 est
1198 1709 1253 1752 re-

141 1811 172 1866 ις
195 1787 397 1860 sistendum,
427 1806 613 1871 eorumque
641 1785 872 1869 periculorum
900 1797 952 1851 est
979 1787 1013 1851 in
1041 1809 1078 1852 re
1107 1789 1253 1872 publica

195 1886 372 1950 retinenda
397 1885 588 1949 medicina:
621 1906 723 1970 quarn
749 1907 899 1961 omnem,
914 1887 1061 1974 judicem
1078 1890 1254 1972 perdidis-

195 1987 288 2061 setis,
308 1987 335 2051 si
354 2007 431 2050 meo
446 1985 581 2050 interitu
599 1986 730 2050 senatui
749 1989 943 2073 populoque
965 1988 1127 2054 Romano
1153 1991 1253 2055 dolo-

195 2090 242 2151 ris
262 2086 314 2151 sui
333 2087 376 2152 de
397 2107 452 2150 me
475 2086 673 2150 declarandi
698 2099 847 2171 potestas
871 2099 961 2154 esset
984 2101 1113 2174 erepta.
1168 2089 1253 2175 Qa
1326 2104 1327 2119 ¹

196 2209 233 2252 re
250 2207 374 2252 moneo
389 2208 464 2260 vos,
483 2187 735 2262 adulescentes,
753 2199 854 2274 atque
872 2189 937 2252 hoc
953 2211 1030 2254 meo
1050 2189 1128 2277 jure
1148 2211 1253 2276 prae·

141 2303 177 2342 20
196 2287 298 2372 cipio,
317 2284 375 2373 qui
396 2285 609 2373 dignitatem,
629 2286 686 2371 qui
710 2308 782 2350 rem
808 2288 996 2372 publicam,
1017 2289 1074 2375 qui
1099 2290 1252 2377 gloriam
1326 2319 1327 2326 ¹

197 2387 369 2472 spectatis,
391 2408 448 2460 ne,
469 2385 497 2450 si
521 2407 610 2470 quae
626 2408 688 2450 vos
705 2386 892 2472 aliquando
908 2389 1094 2454 necessitas
1112 2391 1158 2454 ad
1176 2412 1252 2454 rem

197 2487 369 2570 publicam
387 2496 504 2550 contra
521 2485 694 2569 improbos
716 2485 800 2550 civis
820 2486 1073 2552 defendendam
1096 2491 1251 2565 vocabit,

197 2587 375 2674 segniores
399 2585 483 2660 sitis,
505 2597 537 2649 et
560 2586 796 2649 recordatione
822 2586 889 2650 mei
918 2609 1019 2652 casus
1048 2609 1068 2651 a
1096 2589 1254 2654 consiliis

198 2686 338 2750 sortibus
354 2685 544 2771 refugietis.
591 2701 639 2746 29.
663 2684 830 2758 Primum,
844 2709 913 2749 non
930 2698 981 2750 est
997 2688 1190 2771 periculum
1206 2711 1254 2753 ne

145 2794 177 2850 25
197 2787 272 2872 quis
288 2807 451 2870 umquam
469 2785 598 2848 incidat
613 2785 647 2848 in
665 2785 739 2872 ejus
752 2785 845 2849 modi
857 2788 1038 2862 consules„
1045 2789 1253 2872 praesertim

198 2889 225 2950 si
242 2886 305 2948 erit
321 2885 370 2948 eis
386 2885 420 2948 id
437 2885 528 2970 quod
548 2885 691 2948 debetur
715 2886 937 2969 persolutum.
988 2886 1125 2952 Deinde
1150 2911 1254 2952 num-

197 3007 300 3072 quam
326 2985 412 3073 jam‚
439 2997 476 3048 ut
503 3007 616 3069 sper0,
643 2985 824 3070 quisquam
848 2986 1024 3070 improbus
1049 2989 1194 3054 consilio
1218 3003 1254 3055 et

198 3085 327 3150 auxilio
342 3086 508 3149 bonorum
526 3105 563 3148 se
579 3106 782 3170 oppugnare
798 3107 871 3148 rem
888 3086 1061 3170 publicam
1075 3089 1166 3154 dicet
1182 3090 1253 3155 illis
1326 3161 1327 3168 χ

197 3186 400 3259 tacentibus,
418 3205 483 3264 nec
503 3183 624 3248 armati
646 3184 816 3250 exercitus
839 3197 1002 3250 terrorem
1027 3201 1178 3274 opponet
1200 3201 1252 3255 to-
1326 3179 1327 3216 ³

147 3301 181 3356 30
199 3286 307 3376 gatis3
329 3307 440 3372 neque
453 3285 516 3349 erit
527 3284 619 3372 justa
637 3305 741 3348 causa
759 3285 803 3350 ad
820 3298 934 3371 portas
951 3287 1083 3353 sedenti
1100 3288 1251 3376 impera-

198 3389 273 3463 tori,
288 3407 355 3473 qua
372 3408 408 3450 re
426 3408 525 3450 suum
542 3395 706 3449 terrorem
718 3384 806 3450 salso
818 3385 941 3472 jactari
953 3389 1150 3477 opponique
1164 3392 1249 3477 pati-

199 3501 284 3553 atur.
334 3486 533 3571 Numquam
559 3485 706 3571 denique
729 3486 792 3550 erit
807 3500 876 3551 tarn
893 3509 1078 3573 oppressus
1094 3504 1245 3567 senatus,
1326 3491 1327 3507 ²

198 3601 234 3654 ut
257 3589 288 3672 ei
312 3609 355 3652 ne
381 3586 596 3671 supplicandi
620 3586 757 3671 quidem
784 3608 825 3652 ac
848 3577 989 3676 lugendi
1014 3590 1056 3655 sit
1077 3595 1271 3676 potestas3¹

197 3701 266 3754 tam
285 3702 405 3771 captus
422 3699 578 3770 equester
594 3687 691 3759 ordo,
705 3697 742 3750 ut
758 3688 888 3771 equites
906 3688 1056 3754 Romani
1074 3713 1094 3754 a
1108 3695 1246 3758 consule

151 3797 183 3852 35
198 3790 404 3873 relegentur.
456 3783 557 3865 Quae
575 3805 653 3847 cum
669 3785 784 3848 omnia
802 3799 903 3873 atque
923 3790 1025 3853 etiam
1037 3851 1039 3856 ,
1051 3793 1157 3856 multo
1181 3793 1246 3857 alia

199 3887 341 3972 majora,
367 3903 455 3967 quae
488 3883 641 3945 consulto
667 3897 857 3966 praetere0‚
883 3887 1102 3964 accidissent,
1128 3892 1246 3958 videtis
