2714 4266
14 3517 17 3600 Ι

203 191 245 256 28
481 193 740 282 Impeaclzment
763 199 810 278 os
831 191 967 259 Verres.
1100 191 1218 261 [VERR-
1237 189 1261 241 l.
1341 157 1342 164 ,

202 391 305 458 dere?
351 411 386 457 11.
411 392 520 481 Cujus
537 405 573 459 ut
590 394 844 460 adulescentiae
861 393 1015 459 maculas
1028 393 1260 481 ignominias-

202 515 268 578 que
290 507 526 578 praeteream3
554 506 738 580 quaestura
765 493 912 580 [primus
937 495 1067 580 gradus
1091 493 1255 580 honoris]

201 593 284 678 quid
302 593 392 658 aliud
413 594 516 656 habet
532 593 566 656 in
584 615 635 667 se,
650 594 716 658 nisi
734 593 819 680 [Cn.
835 590 1031 658 Carbonem
1046 592 1253 679 spoliatum]
1341 603 1342 608 ’

204 705 414 778 aquaestore
427 715 489 757 suo
507 693 654 777 pecunia
671 694 808 778 publica
832 695 995 758 nudatum
1020 704 1053 759 et
1080 692 1257 777 proditum

171 792 401 868 sconsulem?
425 794 595 858 desertum
612 790 822 856 exercitum?
847 791 1000 856 relictam
1018 790 1258 876 provinciam?
1341 793 1342 816 ³

204 895 302 958 sortis
319 893 607 958 necessitudinem
624 891 896 977 religionemque
913 889 1096 955 violatam?
1142 889 1256 977 Cujus

204 993 329 1079 legatio
343 993 483 1057 exitium
497 992 558 1056 suit
571 990 678 1055 Asiae
692 991 792 1054 totius
809 1004 847 1055 et·
858 990 1107 1076 Pamphyliae:
1128 991 1256 1075 quibus
1341 1005 1342 1018 ¹

203 1092 238 1156 in
252 1093 435 1176 provinciis
450 1093 572 1156 multas
589 1093 724 1166 dom08,
737 1090 903 1175 plurimas
920 1090 1025 1164 urbia,
1039 1090 1154 1154 omnia
1172 1090 1255 1154 fana
1341 1105 1342 1160 ἢ

203 1193 428 1278 depopulatus
445 1204 507 1266 est,
525 1205 596 1256 tum
622 1212 700 1256 cum
729 1189 781 1277 [in
806 1189 872 1255 Cn.
895 1189 1131 1277 Dolabellam]
1151 1212 1253 1254 suum

155 1313 185 1349 10
204 1293 315 1357 scelus
339 1292 422 1357 illud
440 1293 619 1378 pristinum
636 1291 814 1356 renovavit
831 1303 864 1355 et
879 1291 1080 1355 instauravit
1095 1303 1256 1376 quaesto·
1341 1297 1342 1370 i

203 1393 311 1466 rium;
332 1413 409 1457 cum
424 1414 515 1467 eum,
531 1392 585 1456 cui
599 1403 631 1456 et
648 1392 783 1478 legatus
797 1403 830 1456 et
847 1413 907 1476 pto
924 1403 1103 1478 quaestore
1121 1391 1253 1462 fuisset,
1341 1373 1342 1436 l

202 1493 289 1557 etin
311 1492 474 1557 invidiam
498 1493 567 1557 suis
588 1493 766 1557 maleficiis
790 1493 944 1566 adduxit,
964 1503 997 1556 et
1013 1493 1047 1556 in
1065 1493 1146 1578 ipsis
1164 1494 1256 1577 peri·

203 1593 290 1658 culis
318 1615 385 1657 non
415 1594 524 1657 solum
552 1593 715 1666 deseruit,
743 1595 803 1658 sed
832 1594 934 1658 etiam
967 1593 1180 1682 oppugnavit
1212 1615 1255 1658 ac

202 1692 371 1778 prodidit?
403 1709 445 1756 12.
469 1693 578 1778 Cujus
595 1704 754 1778 praetura
772 1695 903 1758 urbana
922 1696 1059 1759 aedium
1076 1716 1253 1759 sacrarum
1341 1727 1342 1730 ¹

153 1812 182 1864 15
202 1794 263 1857 fuit
279 1794 560 1880 publicorumque
577 1813 720 1878 operum
739 1795 980 1880 depopulati03
1005 1796 1106 1860 simul
1124 1797 1157 1859 in
1175 1796 1253 1884 jure

201 1895 363 1969 dicund0,
388 1894 557 1958 bonorum
589 1895 927 1982 possessionumque,
954 1910 1070 1962 contra
1098 1899 1253 1963 omnium
1341 1943 1342 1980 ,

201 1995 363 2069 instituta,
388 1995 535 2060 addictio
571 2007 604 2060 et
625 1996 844 2060 condonatio.
888 1998 968 2083 Jam
993 2020 1074 2063 vero
1098 1999 1254 2063 omnium
1341 1999 1342 2002 ’

200 2095 355 2160 vitiorum
381 2116 521 2159 suorum
546 2096 692 2181 plurima
713 2108 746 2161 et
767 2097 918 2162 maxima
941 2099 1111 2162 constituit
1133 2121 1254 2164 monu-

201 2208 314 2258 menta
335 2205 369 2258 et
389 2194 516 2259 indicia
540 2195 576 2258 in
602 2197 778 2281 provincia
804 2197 944 2272 Sicilia3
977 2221 1079 2284 quam
1104 2199 1166 2264 iste
1192 2222 1253 2285 per
1341 2241 1342 2270 ,

151 2311 183 2347 20
200 2295 382 2359 triennium
406 2295 452 2358 ita
469 2296 609 2359 vexavit
626 2317 666 2360 ac
683 2297 842 2382 perdidit,
862 2310 897 2362 ut
909 2319 951 2362 ea
968 2299 1096 2364 restitui
1114 2301 1148 2364 in
1166 2301 1254 2364 anti-

199 2417 304 2482 quum
322 2405 446 2459 statum
462 2396 557 2459 nullo
575 2397 675 2461 modo
694 2398 820 2481 possit;
842 2398 901 2461 vix
918 2410 1030 2462 autem
1050 2421 1111 2484 per
1127 2402 1252 2466 multos

200 2517 322 2570 annm,
341 2494 600 2582 innocentisque
622 2510 809 2581 praetores,
829 2498 944 2584 aliqua
964 2521 1007 2562 ex
1029 2511 1123 2583 parte
1141 2521 1253 2566 recre-

200 2595 249 2660 ari
275 2596 462 2681 aliquando
490 2617 591 2681 posse
615 2597 783 2661 videatur.
832 2613 874 2660 13.
900 2597 977 2662 Hoc
1005 2610 1172 2682 praetore,
1197 2601 1253 2665 Si·
1341 2593 1342 2654 Ϊ

199 2696 268 2760 culi
291 2716 404 2780 neque
426 2717 506 2760 suas
530 2697 639 2782 leges
659 2718 770 2783 neque
791 2709 905 2762 nostra
926 2701 1250 2774 senatus-consulta,

149 2810 180 2864 25
200 2817 311 2882 neque
343 2797 538 2860 communia
566 2796 645 2883 jura
677 2807 870 2861 tenuerunt.
919 2798 1070 2864 Tantum
1106 2801 1251 2887 quisque
1341 2849 1342 2884 3

201 2896 303 2959 habet
327 2895 361 2958 in
385 2895 519 2968 Sicilia,
542 2908 706 2981 quantum
733 2897 880 2962 hominis
905 2899 1094 2962 avarissimi
1120 2913 1153 2962 et
1177 2901 1253 2965 libi-

200 2995 408 3060 dinosissimi
433 3007 491 3060 aut
514 2995 779 3080 imprudentiam
798 2999 1012 3085 subterfugit,
1032 3011 1089 3063 aut
1106 3001 1250 3066 satietati

200 3094 377 3179 superfuit.

172 3229 174 3239 ·
245 3215 282 3258 v.
309 3194 416 3258 Nulla
444 3216 499 3258 res
526 3215 587 3279 per
613 3195 811 3270 triennium,
833 3197 897 3260 nisi
927 3198 971 3262 ad
995 3210 1114 3262 nutum
1137 3199 1248 3276 istius,
1341 3195 1342 3198 ¹

149 3312 182 3366 30
205 3295 357 3382 judicata
382 3305 452 3358 est:
486 3295 581 3358 nulla
606 3317 660 3358 res
685 3295 887 3382 cujusquam
913 3309 981 3361 tam
1010 3299 1120 3382 patria
1149 3310 1249 3384 atque
1341 3353 1342 3378 ,

201 3394 290 3458 avita
315 3393 388 3468 fuit,
413 3415 502 3479 quae
527 3415 595 3457 non
621 3395 664 3458 ab
689 3416 743 3469 eo,
769 3395 912 3480 imperio
941 3397 1049 3474 istius,
1076 3398 1249 3486 abjudica-

200 3507 303 3558 retur.
365 3493 639 3558 Innumerabiles
672 3495 839 3579 pecuniae
871 3517 915 3560 ex
948 3510 1119 3562 aratorum
1151 3500 1248 3564 bonis

200 3615 289 3657 novo
309 3593 509 3678 nefarioque
530 3594 679 3658 instituto
700 3607 860 3668 coactae3
894 3598 976 3661 socii
1001 3599 1188 3663 fidelissimi
1214 3601 1248 3665 in
1341 3631 1342 3634 ¹

201 3693 348 3756 hostium
377 3714 520 3755 numero
549 3693 752 3765 existimati3
791 3695 883 3759 cives
911 3697 1061 3762 Romani
1091 3701 1247 3765 servilem

153 3806 184 3858 35
201 3791 235 3852 in
264 3791 403 3853 modum
433 3791 573 3855 cruciati
602 3804 635 3855 et
663 3792 794 3864 necati3
834 3796 989 3861 homines
1017 3801 1247 3864 nocentissimi
1341 3851 1342 3872 ,

195 3900 338 3972 'propter
360 3890 525 3972 pecunias
545 3891 677 3977 judicio
700 3891 853 3966 liberati3
891 3894 1119 3962 honestissimi
1148 3911 1247 3984 atque
