2668 4262
184 187 230 285 98
463 197 677 290 Conspaeracy
701 198 750 286 os
768 197 931 264 Catilina.
1055 196 1177 267 [Curru
1197 195 1236 248 11.
1330 167 1331 244 l

229 421 254 466 1.
279 415 302 462 ι.
324 401 487 467 TANDEM
522 401 720 488 aliquande,
755 398 919 486 Quirites
955 399 1000 468 L.
1033 397 1237 474 Catilinam,
1330 421 1331 468 ξ

185 502 350 568 furentem
376 503 534 578 audacia,
556 504 668 567 scelus
694 502 927 578 anhelantem,
949 514 1081 587 pestem
1105 499 1239 585 patriae

183 603 311 668 nefarie
336 604 545 678 molientem,
570 603 667 667 vobis
692 612 792 687 atque
816 603 898 667 huic
921 601 996 667 urbi
1021 601 1110 665 ferro
1138 599 1241 664 flam·
1330 593 1331 604 ’

184 723 307 789 maque
339 703 563 777 minitantem,
586 723 630 766 ex
654 704 737 767 urbe
760 702 815 766 vel
840 701 1015 789 ejecimus,
1041 701 1096 764 vel
1121 700 1241 766 emisi·
1330 781 1331 796 χ

151 833 164 884 ς
184 825 271 876 mus,
296 804 350 867 vel
375 803 487 887 ipsum
512 801 745 889 egredientem
768 802 882 866 verbis
906 801 1077 888 prosecuti
1101 823 1237 866 sumus

181 901 288 978 Abiit,
308 903 466 976 excessit,
485 902 604 976 evasit,
623 902 745 986 erupit.
794 901 902 966 Nulla
922 903 995 990 jam
1020 901 1191 987 pernicies
1218 923 1241 966 a

182 1015 333 1068 monstro
355 1003 414 1067 illo
438 1013 539 1088 atque
563 1002 721 1089 prodigio
741 1002 919 1067 moenibus
935 1002 1019 1087 ipsis
1035 1001 1123 1066 intra
1142 1023 1242 1066 moe·

181 1104 239 1168 nia
270 1103 535 1189 comparabitur.
597 1101 712 1190 Atque
744 1103 837 1168 hunc
867 1103 1007 1190 quidem
1038 1125 1146 1168 unum
1172 1105 1241 1168 hu-

186 1202 243 1290 jus
266 1204 346 1267 belli
371 1202 547 1268 domestici
571 1203 694 1268 ducem
721 1202 794 1268 sine
818 1202 1050 1268 controversia
1073 1203 1237 1268 vicimus.

138 1325 166 1366 ro
180 1302 262 1367 Non
280 1303 370 1366 enirn
384 1303 455 1390 jam
473 1302 560 1366 inter
576 1303 683 1367 latera
704 1314 820 1368 nostra
844 1303 915 1367 sica
940 1303 1000 1367 illa
1023 1303 1239 1368 versabiturz

180 1423 249 1466 non
266 1402 301 1465 in
318 1423 454 1486 campo,
474 1423 541 1468 non
558 1403 591 1466 in
610 1401 695 1475 foro,
714 1424 783 1466 non
805 1402 839 1466 in
865 1402 973 1478 curia,
992 1425 1062 1468 non
1086 1403 1241 1489 denique

180 1501 268 1566 intra
296 1501 499 1566 domesticos
528 1503 674 1587 parietes
702 1503 995 1587 pertimescemus.
1056 1501 1153 1567 Loco
1176 1503 1241 1568 ille

182 1615 291 1666 motus
307 1613 370 1676 est,
384 1623 462 1666 curn
479 1615 529 1667 est
545 1624 590 1666 ex
605 1603 688 1667 urbe
705 1604 880 1688 depulsus.
930 1603 1051 1668 Palam
1065 1603 1136 1692 jarn
1156 1625 1242 1668 cum

181 1704 277 1768 hoste
290 1703 383 1766 nullo
396 1701 602 1786 impediente
615 1703 742 1766 bellum
761 1702 923 1792 ffiustum]
945 1725 1118 1792 geremus.
1149 1702 1241 1768 Sine

134 1831 162 1882 ις
180 1803 284 1867 dubio
301 1802 511 1887 perdidimus
528 1802 701 1866 hominem
720 1804 971 1891 magnificeque
986 1804 1142 1877 vicimus,
1154 1823 1243 1868 cum

179 1905 275 1970 illum
296 1926 341 1970 ex
359 1904 501 1970 occultis
521 1903 653 1968 insidiis
676 1903 711 1968 in
736 1915 890 1988 apertum
914 1903 1128 1969 latrocinium
1153 1924 1243 1968 con-

183 2007 343 2095 jecimus.
391 2019 420 2066 2.
445 2004 549 2090 Qod
564 2026 646 2070 vero
665 2026 733 2069 non
756 2018 933 2069 cruentum
958 2024 1156 2068 mucronem
1179 2006 1244 2090 (ut

178 2109 302 2193 voluit)
323 2107 454 2179 extulit,
480 2106 571 2193 quod
595 2105 682 2170 vivis
705 2105 804 2170 nobis
825 2126 985 2192 egressus
1005 2117 1068 2178 est,
1089 2104 1179 2190 quod
1206 2104 1243 2169 ei

179 2209 306 2273 serrum
331 2229 349 2273 e
375 2206 533 2270 manibus
561 2205 778 2279 extorsimus,
806 2206 898 2292 quod
927 2205 1107 2269 incolumis
1135 2204 1241 2280 civiS,

132 2309 284 2396 zoquod'
302 2319 446 2372 stantem
479 2307 598 2370 urbem
630 2305 776 2392 reliquit,
807 2317 942 2390 quantu
965 2306 1104 2370 tandem
1135 2305 1241 2370 illum

179 2430 334 2472 maerore
358 2427 433 2471 esse
455 2405 628 2470 adflictum
653 2417 686 2470 et
702 2404 921 2492 profligatum
947 2404 1093 2490 putatis?
1134 2404 1245 2490 Jacet

177 2509 235 2574 ille
259 2528 352 2572 nunc
376 2517 629 2592 prostratusque
652 2516 715 2580 est,
734 2517 767 2569 et
786 2527 823 2569 se
844 2506 1039 2590 perculsum
1057 2516 1156 2593 atque
1172 2506 1243 2570 ab-

183 2608 312 2696 jectum
329 2627 405 2672 esse
422 2606 534 2679 sentit,
548 2617 581 2669 et
594 2615 763 2691 retorquet
775 2605 893 2670 oculos
907 2605 1057 2691 profecto
1071 2625 1173 2690 saepe
1189 2607 1243 2672 ad

178 2708 269 2772 hanc
285 2709 418 2781 urbem,
437 2726 540 2792 quarn
558 2725 577 2769 e
594 2704 663 2769 suis
679 2704 836 2770 faucibus
852 2717 1005 2789 ereptam
1022 2726 1097 2770 esse
1114 2705 1240 2792 luget:

129 2831 160 2882 ²5
177 2828 266 2894 quae
283 2808 421 2894 quidem
440 2805 522 2868 mihi
539 2804 657 2868 laetari
675 2804 820 2879 videtur,
838 2803 931 2891 quod
946 2815 1076 2869 tantam
1100 2816 1241 2890 pestem

177 2906 540 2991 evomueritlorasque
557 2904 749 2993 projecerit.

222 3027 261 3071 11.
286 3021 315 3068 ³.
338 3006 393 3071 Ac
417 3005 445 3070 si
469 3005 545 3092 quis
569 3016 620 3070 est
642 3004 732 3079 talis,
751 3003 861 3091 qualis
878 3025 953 3069 esse
970 3005 1081 3070 omnis
1097 3015 1240 3090 oporte-

176 3107 248 3182 bat,
266 3107 323 3194 qui
340 3107 375 3170 in
393 3107 458 3170 hoc
473 3105 561 3189 ipso,
576 3103 610 3168 in
627 3127 695 3190 quo
711 3105 858 3170 exsultat
875 3115 907 3168 et
922 3103 1108 3189 triumphat
1123 3106 1238 3171 oratio

177 3229 267 3283 mea,
284 3229 337 3271 me
354 3207 575 3270 vehementer
592 3215 741 3279 accuset,
760 3204 851 3290 quod
867 3214 936 3267 tarn
954 3205 1134 3289 capitalem
1152 3206 1238 3271 hos·
1330 3207 1331 3236 l

129 3333 160 3381 30
177 3319 244 3372 tem
269 3330 338 3372 non
363 3305 681 3389 comprehenderim
707 3304 939 3389 potiusquam
957 3305 1141 3376 emiserim,
1160 3327 1234 3372 non

178 3419 228 3472 est
243 3407 307 3471 ista
324 3427 401 3470 mea
418 3406 532 3490 culpa,
548 3404 607 3468 sed
624 3415 828 3488 temporum.
863 3402 1082 3467 Intersectum
1096 3426 1170 3468 esse
1183 3404 1232 3470 L.

178 3507 361 3572 Catilinam
377 3517 409 3569 et
425 3504 629 3592 gravissimo
643 3503 810 3587 supplicio
825 3502 996 3566 adfectum
1011 3503 1083 3590 jam
1097 3504 1233 3588 pridem

177 3607 365 3692 oportebat,
383 3605 487 3688 idque
504 3624 523 3666 a
542 3624 595 3666 me
612 3613 645 3666 et
661 3624 734 3666 mos
752 3603 917 3689 majorum
936 3613 968 3666 et
988 3603 1088 3689 hujus
1109 3604 1233 3689 imperi

179 3705 340 3770 severitas
357 3715 389 3767 et
405 3724 459 3766 res
476 3701 612 3813 publica
630 3701 832 3785 postulabat.
882 3701 953 3765 Sed
978 3723 1080 3788 quam
1107 3705 1232 3770 multos
1330 3709 1331 3776 ἰ

127 3830 159 3882 35
180 3805 283 3868 luisse
311 3802 435 3888 putatis
463 3801 520 3885 qui
549 3821 637 3885 quae
661 3821 727 3885 ego
751 3799 919 3864 deferrem
938 3823 1007 3865 non
1030 3803 1233 3869 crederent?
1330 3795 1331 3818 ³

184 3901 304 3990 [quarn
333 3902 456 3966 multos
483 3898 541 3986 qui
568 3909 704 3982 propter
730 3898 904 3964 stultitiam
931 3921 1001 3966 non
1028 3901 1228 3993 putarenti]
