2714 4266
207 217 248 264 10
529 199 687 286 Deffence
702 200 758 285 -of
770 197 929 264 Roscius.
1067 191 1173 262 [Rosa
1194 191 1258 246 Au.

205 423 337 476 amens,
356 401 414 488 qui
439 400 566 466 odisset
586 422 664 466 eum
688 400 761 464 sine
786 418 892 463 causa
916 416 1018 482 quem
1044 404 1257 480 procrearat·

204 501 251 566 At
278 503 305 566 is
338 501 476 589 quidem
509 500 572 563 suit
601 500 754 565 omnium
788 497 1094 563 constantissimus.
1159 493 1258 581 Ergo

204 602 287 667 illud
313 604 385 691 jam
415 601 634 687 perspicuum
667 598 817 683 profecto
846 609 909 662 est.
937 596 965 660 si
994 617 1105 682 neque
1135 615 1257 658 amens

205 713 300 786 pater
324 723 435 788 neque
460 700 612 786 perditus
635 699 725 762 filius
749 696 861 770 suerit,
889 717 1001 782 neque
1029 695 1085 760 odi
1114 714 1257 758 causam

179 823 193 877 5
206 803 291 885 patri
316 823 427 888 neque
452 799 591 866 sceleris
617 798 685 862 filio
711 797 826 861 fuisse.

249 923 337 968 xxn.
358 918 406 964 24.
429 905 483 970 De
498 899 682 988 parricidio
701 918 804 963 causa
822 896 965 962 dicitur:
990 895 1076 961 ratio
1093 896 1136 960 ab
1154 917 1259 960 accu-

208 1015 316 1069 satore
341 1003 471 1067 reddita
497 1024 565 1066 non
590 1013 652 1075 est,
671 1020 775 1086 quam
796 998 839 1062 ob
857 1018 997 1062 causam
1016 1009 1147 1081 patrem
1165 997 1257 1062 filius

206 1101 377 1168 occiderit.
418 1102 523 1187 Quod
540 1103 575 1166 in
594 1101 743 1165 minimis
761 1099 886 1173 noxiiS,
900 1111 934 1163 et
949 1099 984 1162 in
1002 1099 1055 1162 his
1071 1097 1257 1163 levioribus
1342 1095 1343 1124 ³

206 1203 356 1282 peccatis
383 1223 471 1288 quae
501 1202 612 1288 magis
641 1203 761 1266 crebra
791 1211 823 1264 et
847 1199 920 1287 jam
948 1221 1054 1285 prope
1082 1199 1255 1264 cotidiana

165 1326 192 1365 ιο
206 1314 295 1376 sunt,
332 1303 481 1367 maxime
519 1313 551 1366 et
586 1302 733 1385 primum
770 1299 1118 1386 quaeritur,-quae
1149 1319 1257 1364 causa

206 1402 353 1466 malefici
379 1401 591 1475 suerit‚-id
616 1401 762 1465 Erucius
787 1401 822 1464 in
844 1401 1027 1485 parricidio
1047 1400 1165 1487 quaeri
1186 1422 1256 1465 non

207 1513 301 1585 putat
327 1516 494 1586 oportere.
553 1501 594 1565 In
620 1523 687 1600 quo
710 1501 854 1575 scelere,
878 1501 1026 1589 judices,
1048 1501 1151 1565 etiam
1176 1521 1255 1565 cum

206 1602 332 1666 multae
351 1622 476 1666 causae
494 1601 696 1666 convenisse
715 1623 823 1666 unum
849 1601 884 1666 in
911 1602 1024 1666 locum
1051 1613 1152 1686 atque
1170 1601 1256 1664 inter

206 1723 242 1766 se
267 1723 457 1788 congruere
485 1702 655 1777 videntur,
682 1712 797 1766 tamen
830 1723 898 1766 non
932 1711 1059 1766 temere
1093 1701 1252 1776 creditur,

163 1826 192 1879 ις
207 1822 316 1887 neque
345 1802 411 1865 levi
440 1803 637 1889 conjectura
665 1823 719 1866 res
747 1802 918 1886 penditur,
945 1823 1056 1887 neque
1083 1802 1177 1866 testis
1205 1801 1256 1864 in-

206 1913 316 1965 certus
331 1901 477 1976 auditur,
493 1923 605 1987 neque
619 1901 827 1966 accusatoris
841 1901 981 1988 ingenio
994 1924 1048 1966 res
1062 1901 1254 1989 judicatur:

206 2022 283 2064 cum
301 2002 406 2065 multa
424 2013 524 2065 antea
538 2001 722 2066 commissa
736 2002 919 2075 maleficia,
935 2023 1013 2065 cum
1026 2002 1094 2066 vita
1108 2001 1255 2065 hominis

206 2101 446 2186 perditissima,
461 2113 531 2165 tum
548 2101 733 2188 singularis
747 2101 892 2165 audacia
905 2101 1102 2166 ostendatur
1114 2121 1256 2166 necesse

205 2213 268 2274 est,
295 2222 405 2286 neque
435 2201 580 2265 audacia
609 2203 734 2276 solum,
761 2201 821 2265 sed
851 2223 1006 2266 summus
1034 2201 1127 2265 suror
1154 2212 1256 2286 atque

160 2329 191 2364 20
207 2301 366 2364 amentia.
429 2317 475 2364 25.
501 2300 600 2364 Haec
628 2321 706 2364 cum
732 2301 799 2365 sint
822 2300 950 2376 omnia,
976 2312 1091 2364 tamen
1123 2310 1257 2365 exstent

205 2412 337 2483 oportet
360 2421 524 2484 expressa
548 2401 687 2465 sceleris
712 2401 1005 2487 vestigia,—ubi,
1025 2422 1093 2487 qua
1110 2400 1253 2476 ratione,

205 2521 266 2585 per
279 2521 377 2585 quos,
396 2521 463 2586 quo
480 2511 632 2584 tempore
649 2501 858 2564 maleficium
877 2501 919 2566 sit
936 2500 1121 2568 admissum
1136 2523 1144 2575 3
1167 2521 1255 2587 quae

205 2601 269 2664 nisi
289 2601 393 2664 multa
412 2612 443 2664 et
461 2600 640 2664 manifesta
658 2613 747 2678 sunt,
765 2601 987 2685 profectores
1005 2613 1072 2665 tam
1097 2601 1254 2677 scelesta,

204 2711 273 2764 tam
296 2711 404 2774 atrox,
424 2712 493 2764 tam
514 2701 645 2765 nefaria
666 2701 759 2765 credi
783 2723 851 2766 non
877 2712 996 2787 potest.
1046 2699 1182 2788 Magna
1206 2712 1258 2766 est

163 2801 296 2880 25enim
321 2800 372 2864 vis
397 2800 638 2874 humanitatis3
671 2802 816 2865 multum
842 2805 934 2867 valet
957 2802 1153 2867 communio
1177 2822 1257 2867 san-

207 2899 321 2986 guinis
335 2921 342 2971 ;
361 2900 549 2964 reclamitat
559 2900 655 2965 istius
666 2902 759 2966 modi
773 2903 1016 2987 suspitionibus
1027 2903 1101 2988 ipsa
1113 2915 1233 2968 natura
1246 2927 1254 2977 ;

205 3011 397 3085 portentum
423 3011 523 3085 atque
549 3011 738 3066 monstrum
764 3004 989 3069 certissimum
1015 3015 1076 3079 est,
1096 3025 1172 3070 esse
1194 3005 1257 3068 ali·
1342 3013 1343 3032 ¹

205 3121 307 3185 quem
327 3100 477 3162 humana
495 3099 609 3185 specie
627 3113 660 3167 et
677 3103 803 3190 figura,
821 3105 879 3191 qui
897 3118 1027 3170 tantum
1044 3105 1255 3170 immanitate

205 3199 331 3264 bestias
362 3200 493 3273 vicerit,
524 3212 560 3264 ut
596 3216 733 3288 propter
768 3227 855 3292 quos
890 3207 980 3271 hanc
1014 3205 1254 3271 suavissimam

159 3331 190 3382 30
205 3301 318 3364 lucem
343 3301 527 3384 aspexerit,
551 3324 610 3368 eos
635 3304 873 3392 indignissime
900 3306 976 3371 luce
1003 3306 1154 3391 privarit,
1175 3327 1253 3370 cum
1342 3339 1343 3342 ¹

205 3399 307 3463 etiam
333 3399 423 3464 seras
449 3401 536 3466 inter
560 3425 636 3469 sese
661 3417 777 3490 partus
795 3417 896 3492 atque
913 3406 1068 3471 educatio
1086 3418 1255 3488 etnatura

204 3500 280 3584 ipsa
304 3500 473 3566 conciliet.
1113 3493 1122 3508 ”

250 3619 351 3663 xxm.
376 3618 423 3664 26.
459 3603 537 3668 Non
576 3605 620 3667 ita
657 3605 770 3669 multis
806 3617 884 3668 ante
920 3606 1033 3681 annis,
1072 3607 1166 3670 aiunt
1207 3605 1252 3668 T.

205 3698 364 3764 Caelium
388 3704 560 3786 quendam
584 3703 886 3776 Tarracinensem,
910 3706 1083 3769 hominem
1106 3727 1173 3769 non
1196 3706 1256 3768 ob-

160 3831 191 3884 35
206 3818 357 3872 scurum,
378 3822 456 3863 cum
475 3812 615 3864 cenatus
636 3803 786 3866 cubitum
811 3803 845 3865 in
871 3803 961 3866 idem
987 3805 1150 3868 conclave
1175 3825 1255 3868 cum

206 3898 339 3962 duobus
365 3900 640 3963 adulescentibus
663 3901 741 3965 filiis
757 3901 852 3975 isset,
870 3902 1044 3966 inventum
1061 3923 1136 3966 esse
1149 3923 1255 3968 mane
