2714 4266
114 217 230 286 xv..44·]
285 215 356 282 st
371 215 534 306 Justice,
560 217 800 297 Moderation‚
830 219 990 308 Digm'ty.
1123 235 1164 305 73

110 417 272 483 Romano
289 439 393 505 quam
413 417 583 504 imperare
603 419 679 486 aliis
699 421 874 488 maluisse.
918 422 997 508 Jam
1020 443 1102 488 vero
1118 421 1165 487 ita

108 518 229 583 faciles
258 517 369 583 aditus
397 519 442 583 ad
470 540 549 583 eum
577 519 800 604 privatorum,
827 523 872 587 ita
898 523 1025 587 liberae
1053 523 1165 609 queri-

109 619 247 682 moniae
275 620 317 684 de
347 618 491 682 aliorum
521 618 653 706 injuriis
682 641 757 685 esse
786 623 956 698 dicuntur,
981 635 1017 686 ut
1041 623 1082 697 is,
1106 622 1163 709 qui
1192 615 1198 626 '

109 718 276 804 dignitate
294 718 505 804 principibus
523 721 671 793 excellit,
688 721 848 786 facilitate
865 723 991 788 infimis
1009 743 1071 807 par
1088 744 1164 788 esse

107 819 277 882 videatur.
321 835 373 882 aa.
393 819 472 905 Jam
490 831 656 905 quantum
674 821 829 896 consilio,
844 835 1009 908 quantum
1026 821 1163 888 dicendi
1196 845 1211 896 ς

108 919 278 1004 gravitate
298 929 331 984 et
350 919 448 1004 copia
469 919 594 993 valeat,
607 919 696 983 -in
713 942 781 1006 quo
798 922 872 1007 ipso
890 921 977 986 inest
992 923 1163 1008 quaedam

107 1018 260 1106 dignitas
276 1018 508 1104 imperatoria,
520 1041 648 1094 -vos,
669 1018 834 1103 Quirites,
855 1023 920 1086 hoe
936 1021 1011 1107 ipso
1028 1044 1071 1087 ex
1087 1022 1163 1088 loco

107 1137 213 1205 saepe
223 1119 443 1207 cognovistis.
471 1118 592 1184 Fidem
604 1141 686 1183 vero
697 1119 770 1206 ejus
781 1132 944 1206 quantam
956 1121 1044 1186 inter
1053 1121 1163 1189 socios

47 1294 52 1303 ‚
107 1219 297 1284 existimari
321 1219 458 1304 putatis,
481 1240 584 1305 quam
610 1219 725 1284 hostes
744 1241 864 1285 omnes
884 1221 1037 1285 omnium
1057 1244 1163 1310 gene-

107 1342 185 1383 rum
207 1319 456 1384 sanctissimam
476 1317 683 1407 judicnrint?
724 1319 953 1385 ‘Humanitate
974 1321 1046 1409 jam
1070 1333 1163 1386 tanta
1182 1349 1211 1384 ιο

108 1431 174 1496 est,
194 1432 231 1485 ut
253 1419 390 1484 difficile
410 1420 502 1484 dictu
527 1421 569 1484 sit
592 1432 704 1484 utrum
729 1421 844 1486 hostes
868 1421 981 1507 magis
1003 1421 1162 1486 virtutem

108 1521 184 1609 ejus
209 1531 402 1607 pugnantes
423 1519 608 1595 timuerint,
628 1540 672 1584 an
699 1521 995 1586 mansuetudinem
1016 1521 1095 1585 victi
1112 1521 1163 1587 di·

108 1621 267 1686 lexerint.
312 1619 356 1684 Et
372 1620 554 1706 quisquam
572 1620 737 1685 dubitabit
753 1621 835 1707 quin
853 1621 932 1685 huic
950 1622 1015 1686 hoc
1031 1631 1162 1686 tantum

107 1722 237 1785 bellum
251 1720 546 1784 transmittendum
562 1720 614 1793 sit,
627 1721 685 1807 qui
700 1721 871 1786 adomnia
885 1733 1020 1786 nostrae
1035 1743 1162 1786 memo-

11 1899 14 1904 ·
108 1822 181 1885 riae
206 1821 297 1884 bella
325 1820 539 1885 conficienda
567 1819 683 1886 divino
711 1822 860 1907 quodam
890 1820 1032 1888 consilio
1062 1833 1162 1887 natus
1181 1847 1210 1897 15

108 1943 185 1986 esse
208 1918 386 1984 videatur?

155 2015 216 2085 x'v.
243 2037 289 2085 ta.
314 2019 358 2084 Et
392 2019 554 2106 quoniam
597 2019 779 2087 auctoritas
815 2041 950 2108 quoque
985 2021 1019 2086 in
1062 2022 1161 2088 bellis

109 2119 388 2187 administrandis
407 2121 548 2184 multum
568 2131 668 2206 atque
686 2123 719 2183 in
737 2121 881 2206 imperio
899 2121 1035 2186 militari
1056 2124 1160 2196 valet,

108 2233 200 2286 certe
217 2220 345 2285 nemini
362 2220 505 2284 dubium
524 2230 574 2284 est
589 2219 670 2306 quin
689 2241 731 2283 ea
748 2242 784 2284 re
802 2219 893 2284 idem
908 2221 964 2285 ilie
978 2221 1163 2307 imperator

108 2321 294 2407 plurimum
323 2319 439 2404 possit.
499 2319 734 2384 Vehementer
766 2332 879 2384 autern
914 2323 1085 2408 pertinere
1118 2301 1346 2396 admtfff‘

107 2422 200 2485 bella
218 2420 487 2485 administranda
504 2419 586 2506 quid
604 2419 731 2493 hostes,
751 2421 832 2506 quid
850 2422 932 2485 socii
950 2409 993 2486 de
1013 2421 1162 2507 impera-

107 2521 237 2586 toribus
262 2521 383 2585 uostris
408 2519 602 2584 existiment
626 2519 702 2604 quis
727 2520 876 2607 ignorat,
905 2542 982 2584 curn
1012 2521 1190 2598 spamus·

27 2663 32 2668 -
108 2621 265 2686 homines
282 2621 315 2684 in
333 2621 434 2684 tantis
451 2621 564 2694 rebus,
580 2631 616 2682 ut
630 2633 686 2684 aut
699 2631 919 2685 contemnant
936 2634 993 2684 aut
1010 2631 1162 2685 metuant

109 2732 167 2785 aut
190 2719 323 2785 oderint
347 2732 404 2784 aut
428 2732 556 2791 ament,
583 2720 744 2804 opinione
770 2742 838 2785 non
864 2721 977 2785 minus
1006 2732 1038 2786 et
1066 2721 1161 2784 sama

107 2843 213 2908 quam
239 2821 352 2907 aliqua
377 2820 508 2884 ratione
532 2833 625 2884 certa
650 2819 881 2885 commoveri?
928 2820 1033 2905 Qrod
1059 2821 1162 2907 igitur
1178 2845 1208 2896 25

10 2989 14 2996 ,
108 2943 234 2986 nomen
255 2941 420 3007 umquam
443 2918 478 2983 in
502 2921 584 2985 orbe
608 2934 775 2985 terrarum
799 2921 925 2985 clarius
949 2919 1033 2984 suit?
1064 2921 1160 3009 cujus

109 3043 164 3087 res
181 3034 299 3108 gestae
317 3020 439 3105 pares?
464 3021 506 3084 de
523 3042 591 3107 quo
608 3021 746 3086 homine
759 3043 834 3095 voS,
847 3021 933 3084 -id
948 3022 1038 3106 quod
1054 3021 1160 3085 maxi·

110 3143 165 3186 me
182 3121 262 3188 facit
279 3121 527 3196 auctoritatem,
539 3132 687 3184 -tanta
704 3131 821 3185 ettam
839 3123 1018 3205 praeclara
1031 3121 1161 3209 judicia

110 3220 258 3287 fecistis?
303 3237 350 3284 44.
374 3219 431 3285 Αη
460 3243 542 3286 vero
570 3221 675 3284 ullam
702 3240 846 3306 usquam
871 3242 1066 3287 esseorum
1092 3234 1161 3286 tam

109 3323 279 3387 desertam
298 3321 434 3406 putatis,
453 3342 521 3407 quo
542 3343 610 3384 non
635 3319 726 3384 illius
750 3319 817 3384 diei
842 3319 935 3384 sama
959 3322 1159 3405 pervaserit,
1177 3351 1208 3398 30

109 3444 187 3487 cum
209 3422 388 3486 universus
405 3421 552 3506 populus
570 3419 764 3494 Romanus,
782 3419 905 3484 referto
922 3420 994 3484 foro
1012 3422 1161 3506 comple-

111 3537 219 3608 tusque
243 3523 401 3587 omnibus
425 3519 561 3606 templis
586 3543 629 3584 ex
654 3519 777 3606 quibus
801 3519 857 3583 hic
886 3521 981 3583 locus
1009 3520 1160 3604 conspici

111 3636 230 3708 potest,
245 3645 349 3686 unum
368 3622 431 3686 sibi
447 3622 490 3685 ad
504 3641 685 3685 commune
698 3619 849 3683 omnium
866 3621 1017 3706 gentium
1033 3621 1159 3685 bellum

110 3722 177 3789 Cn.
194 3721 396 3808 Pompeium
415 3720 653 3804 imperatorem
672 3719 893 3804 depoposcit?
941 3719 1161 3804 Itaque-ut

36 3855 41 3866 ·
109 3823 208 3908 plura
228 3845 296 3888 non
317 3821 444 3893 dicam,
465 3840 575 3904 neque
600 3819 743 3884 aliorum
768 3820 937 3904 exemplis
962 3820 1159 3882 confirmem
1176 3851 1208 3904 35

111 3933 274 4007 quantum
290 3919 427 4008 [hujus]
443 3918 625 3983 auctoritas
641 3920 754 3981 valeat
770 3919 804 3980 in
822 3918 1020 3982 bello-ab
1037 3917 1158 3980 eodem
