<?xml version="1.0" encoding="UTF-8"?>
<!DOCTYPE html PUBLIC "-//W3C//DTD XHTML 1.0 Transitional//EN"
    "http://www.w3.org/TR/xhtml1/DTD/xhtml1-transitional.dtd">
<html xmlns="http://www.w3.org/1999/xhtml" xml:lang="en" lang="en">
 <head>
  <title>
</title>
<meta http-equiv="Content-Type" content="text/html;charset=utf-8" />
  <meta name='ocr-system' content='tesseract 3.04.00' />
  <meta name='ocr-capabilities' content='ocr_page ocr_carea ocr_par ocr_line ocrx_word'/>
</head>
<body>
  <div class='ocr_page' id='page_1' title='image "./selectorationsc00greegoog_0162.png"; bbox 0 0 2668 4262; ppageno 0'>
   <div class='ocr_carea' id='block_1_1' title="bbox 87 186 1132 292">
    <p class='ocr_par' dir='ltr' id='par_1_1' title="bbox 87 186 1132 292">
     <span class='ocr_line' id='line_1_1' title="bbox 87 186 1132 292; baseline 0.004 -25"><span class='ocrx_word' id='word_1_1' title='bbox 87 186 192 272; x_wconf 41' lang='grc' dir='ltr'>ΠΙ·4·]’</span> <span class='ocrx_word' id='word_1_2' title='bbox 381 203 575 271; x_wconf 79' lang='lat' dir='ltr'>Character</span> <span class='ocrx_word' id='word_1_3' title='bbox 599 204 645 292; x_wconf 76' lang='lat' dir='ltr'>qs</span> <span class='ocrx_word' id='word_1_4' title='bbox 659 205 716 270; x_wconf 81' lang='lat' dir='ltr'>the</span> <span class='ocrx_word' id='word_1_5' title='bbox 738 205 841 272; x_wconf 82' lang='lat' dir='ltr'>Plca.</span> <span class='ocrx_word' id='word_1_6' title='bbox 1071 222 1132 292; x_wconf 85' lang='lat'>135</span> 
     </span>
    </p>
   </div>
   <div class='ocr_carea' id='block_1_2' title="bbox 10 405 1182 2100">
    <p class='ocr_par' dir='ltr' id='par_1_2' title="bbox 80 405 1180 1170">
     <span class='ocr_line' id='line_1_2' title="bbox 85 405 1134 492; baseline 0.002 -24"><span class='ocrx_word' id='word_1_7' title='bbox 85 415 117 468; x_wconf 89' lang='lat' dir='ltr'>ct</span> <span class='ocrx_word' id='word_1_8' title='bbox 132 426 235 490; x_wconf 92' lang='lat' dir='ltr'>opem</span> <span class='ocrx_word' id='word_1_9' title='bbox 260 416 291 470; x_wconf 93' lang='lat' dir='ltr'>et</span> <span class='ocrx_word' id='word_1_10' title='bbox 314 407 460 472; x_wconf 90' lang='lat' dir='ltr'>salutern</span> <span class='ocrx_word' id='word_1_11' title='bbox 484 407 572 470; x_wconf 87' lang='lat' dir='ltr'>serre</span> <span class='ocrx_word' id='word_1_12' title='bbox 596 407 775 472; x_wconf 88' lang='lat' dir='ltr'>debemus.</span> <span class='ocrx_word' id='word_1_13' title='bbox 823 423 851 471; x_wconf 78' lang='lat' dir='ltr'>a.</span> <span class='ocrx_word' id='word_1_14' title='bbox 875 405 930 471; x_wconf 90' lang='lat' dir='ltr'>Ac</span> <span class='ocrx_word' id='word_1_15' title='bbox 954 427 997 470; x_wconf 89' lang='lat' dir='ltr'>ne</span> <span class='ocrx_word' id='word_1_16' title='bbox 1021 405 1134 492; x_wconf 92' lang='lat' dir='ltr'>quisa</span> 
     </span>
     <span class='ocr_line' id='line_1_3' title="bbox 83 505 1133 593; baseline 0.004 -26"><span class='ocrx_word' id='word_1_17' title='bbox 83 505 180 569; x_wconf 90' lang='lat' dir='ltr'>nobis</span> <span class='ocrx_word' id='word_1_18' title='bbox 198 507 264 571; x_wconf 91' lang='lat' dir='ltr'>hoc</span> <span class='ocrx_word' id='word_1_19' title='bbox 281 507 326 570; x_wconf 90' lang='lat' dir='ltr'>ita</span> <span class='ocrx_word' id='word_1_20' title='bbox 349 507 416 572; x_wconf 92' lang='lat' dir='ltr'>dici</span> <span class='ocrx_word' id='word_1_21' title='bbox 438 506 522 572; x_wconf 84' lang='lat' dir='ltr'>forte</span> <span class='ocrx_word' id='word_1_22' title='bbox 541 507 690 581; x_wconf 90' lang='lat' dir='ltr'>miretur,</span> <span class='ocrx_word' id='word_1_23' title='bbox 709 507 800 593; x_wconf 93' lang='lat' dir='ltr'>quod</span> <span class='ocrx_word' id='word_1_24' title='bbox 828 507 894 571; x_wconf 90' lang='lat' dir='ltr'>alia</span> <span class='ocrx_word' id='word_1_25' title='bbox 911 507 1082 591; x_wconf 82' lang='lat' dir='ltr'>quaedam</span> <span class='ocrx_word' id='word_1_26' title='bbox 1099 507 1133 571; x_wconf 90' lang='lat' dir='ltr'>in</span> 
     </span>
     <span class='ocr_line' id='line_1_4' title="bbox 83 605 1135 693; baseline 0.002 -25"><span class='ocrx_word' id='word_1_27' title='bbox 83 605 148 669; x_wconf 93' lang='lat' dir='ltr'>hoc</span> <span class='ocrx_word' id='word_1_28' title='bbox 172 605 317 672; x_wconf 84' lang='lat' dir='ltr'>facultas</span> <span class='ocrx_word' id='word_1_29' title='bbox 340 607 382 670; x_wconf 91' lang='lat' dir='ltr'>sit</span> <span class='ocrx_word' id='word_1_30' title='bbox 405 607 535 693; x_wconf 81' lang='lat' dir='ltr'>ingeni,</span> <span class='ocrx_word' id='word_1_31' title='bbox 555 628 666 692; x_wconf 87' lang='lat' dir='ltr'>neque</span> <span class='ocrx_word' id='word_1_32' title='bbox 695 608 782 671; x_wconf 89' lang='lat' dir='ltr'>haec</span> <span class='ocrx_word' id='word_1_33' title='bbox 806 607 944 672; x_wconf 92' lang='lat' dir='ltr'>dicendi</span> <span class='ocrx_word' id='word_1_34' title='bbox 970 608 1054 672; x_wconf 87' lang='lat' dir='ltr'>ratio</span> <span class='ocrx_word' id='word_1_35' title='bbox 1078 619 1135 671; x_wconf 88' lang='lat' dir='ltr'>aut</span> 
     </span>
     <span class='ocr_line' id='line_1_5' title="bbox 82 705 1134 793; baseline 0.002 -25"><span class='ocrx_word' id='word_1_36' title='bbox 82 705 278 789; x_wconf 86' lang='lat' dir='ltr'>disciplina,</span> <span class='ocrx_word' id='word_1_37' title='bbox 298 728 419 771; x_wconf 89' lang='lat' dir='ltr'>nenos</span> <span class='ocrx_word' id='word_1_38' title='bbox 444 707 582 793; x_wconf 91' lang='lat' dir='ltr'>quidem</span> <span class='ocrx_word' id='word_1_39' title='bbox 608 707 688 770; x_wconf 92' lang='lat' dir='ltr'>huic</span> <span class='ocrx_word' id='word_1_40' title='bbox 705 707 763 770; x_wconf 88' lang='lat' dir='ltr'>uni</span> <span class='ocrx_word' id='word_1_41' title='bbox 781 707 893 772; x_wconf 90' lang='lat' dir='ltr'>studio</span> <span class='ocrx_word' id='word_1_42' title='bbox 909 707 1043 792; x_wconf 90' lang='lat' dir='ltr'>penitus</span> <span class='ocrx_word' id='word_1_43' title='bbox 1061 729 1134 770; x_wconf 90' lang='lat' dir='ltr'>um-</span> 
     </span>
     <span class='ocr_line' id='line_1_6' title="bbox 80 805 1180 897; baseline 0.003 -29"><span class='ocrx_word' id='word_1_44' title='bbox 80 826 184 890; x_wconf 84' lang='lat' dir='ltr'>quam</span> <span class='ocrx_word' id='word_1_45' title='bbox 211 806 316 870; x_wconf 89' lang='lat' dir='ltr'>dediti</span> <span class='ocrx_word' id='word_1_46' title='bbox 345 805 483 870; x_wconf 86' lang='lat' dir='ltr'>suimus.</span> <span class='ocrx_word' id='word_1_47' title='bbox 544 805 680 870; x_wconf 85' lang='lat' dir='ltr'>Etenim</span> <span class='ocrx_word' id='word_1_48' title='bbox 705 828 825 872; x_wconf 92' lang='lat' dir='ltr'>omnes</span> <span class='ocrx_word' id='word_1_49' title='bbox 850 818 951 882; x_wconf 90' lang='lat' dir='ltr'>artes,</span> <span class='ocrx_word' id='word_1_50' title='bbox 978 828 1066 894; x_wconf 92' lang='lat' dir='ltr'>quae</span> <span class='ocrx_word' id='word_1_51' title='bbox 1090 808 1133 871; x_wconf 93' lang='lat' dir='ltr'>ad</span> <span class='ocrx_word' id='word_1_52' title='bbox 1166 843 1180 897; x_wconf 66' lang='grc' dir='ltr'><strong><em>ς</em></strong></span> 
     </span>
     <span class='ocr_line' id='line_1_7' title="bbox 80 905 1133 992; baseline 0.002 -24"><span class='ocrx_word' id='word_1_53' title='bbox 80 905 330 970; x_wconf 82' lang='lat' dir='ltr'>humanitatem</span> <span class='ocrx_word' id='word_1_54' title='bbox 371 906 552 990; x_wconf 84' lang='lat' dir='ltr'>pertinent,</span> <span class='ocrx_word' id='word_1_55' title='bbox 587 907 715 970; x_wconf 89' lang='lat' dir='ltr'>habent</span> <span class='ocrx_word' id='word_1_56' title='bbox 746 908 919 992; x_wconf 92' lang='lat' dir='ltr'>quoddam</span> <span class='ocrx_word' id='word_1_57' title='bbox 952 927 1133 973; x_wconf 88' lang='lat' dir='ltr'>commune</span> 
     </span>
     <span class='ocr_line' id='line_1_8' title="bbox 80 1004 1135 1094; baseline 0.003 -27"><span class='ocrx_word' id='word_1_58' title='bbox 80 1004 274 1081; x_wconf 90' lang='lat' dir='ltr'>vinculum,</span> <span class='ocrx_word' id='word_1_59' title='bbox 300 1017 333 1071; x_wconf 90' lang='lat' dir='ltr'>et</span> <span class='ocrx_word' id='word_1_60' title='bbox 356 1006 453 1092; x_wconf 86' lang='lat' dir='ltr'>quasi</span> <span class='ocrx_word' id='word_1_61' title='bbox 478 1005 684 1094; x_wconf 87' lang='lat' dir='ltr'>cognatione</span> <span class='ocrx_word' id='word_1_62' title='bbox 708 1008 857 1094; x_wconf 90' lang='lat' dir='ltr'>quadam</span> <span class='ocrx_word' id='word_1_63' title='bbox 883 1007 971 1072; x_wconf 92' lang='lat' dir='ltr'>inter</span> <span class='ocrx_word' id='word_1_64' title='bbox 991 1028 1028 1072; x_wconf 90' lang='lat' dir='ltr'>se</span> <span class='ocrx_word' id='word_1_65' title='bbox 1054 1028 1135 1071; x_wconf 92' lang='lat' dir='ltr'>con·</span> 
     </span>
     <span class='ocr_line' id='line_1_9' title="bbox 81 1097 981 1170; baseline -0.003 0"><span class='ocrx_word' id='word_1_66' title='bbox 81 1097 300 1170; x_wconf 73' lang='lat' dir='ltr'>tinentur.V</span> <span class='ocrx_word' id='word_1_67' title='bbox 971 1105 981 1132; x_wconf 85' lang='lat'><strong><em>⁴</em></strong></span> 
     </span>
    </p>

    <p class='ocr_par' dir='ltr' id='par_1_3' title="bbox 10 1205 1182 2100">
     <span class='ocr_line' id='line_1_10' title="bbox 124 1205 1134 1272; baseline 0.002 -2"><span class='ocrx_word' id='word_1_68' title='bbox 124 1225 164 1270; x_wconf 91' lang='lat'>11.</span> <span class='ocrx_word' id='word_1_69' title='bbox 190 1220 221 1266; x_wconf 80' lang='grc'>3.</span> <span class='ocrx_word' id='word_1_70' title='bbox 245 1205 317 1272; x_wconf 87' lang='lat' dir='ltr'>Sed</span> <span class='ocrx_word' id='word_1_71' title='bbox 341 1229 384 1271; x_wconf 90' lang='lat' dir='ltr'>ne</span> <span class='ocrx_word' id='word_1_72' title='bbox 409 1207 463 1271; x_wconf 90' lang='lat' dir='ltr'>cui</span> <span class='ocrx_word' id='word_1_73' title='bbox 486 1220 635 1272; x_wconf 90' lang='lat' dir='ltr'>vestrum</span> <span class='ocrx_word' id='word_1_74' title='bbox 660 1207 783 1272; x_wconf 90' lang='lat' dir='ltr'>mirum</span> <span class='ocrx_word' id='word_1_75' title='bbox 809 1229 884 1272; x_wconf 88' lang='lat' dir='ltr'>esse</span> <span class='ocrx_word' id='word_1_76' title='bbox 902 1207 1055 1272; x_wconf 90' lang='lat' dir='ltr'>videatur</span> <span class='ocrx_word' id='word_1_77' title='bbox 1080 1228 1134 1272; x_wconf 91' lang='lat' dir='ltr'>me</span> 
     </span>
     <span class='ocr_line' id='line_1_11' title="bbox 79 1304 1182 1396; baseline 0.003 -27"><span class='ocrx_word' id='word_1_78' title='bbox 79 1304 114 1369; x_wconf 91' lang='lat' dir='ltr'>in</span> <span class='ocrx_word' id='word_1_79' title='bbox 131 1307 336 1393; x_wconf 89' lang='lat' dir='ltr'>quaestione</span> <span class='ocrx_word' id='word_1_80' title='bbox 353 1307 506 1395; x_wconf 84' lang='lat' dir='ltr'>legitima</span> <span class='ocrx_word' id='word_1_81' title='bbox 524 1319 557 1372; x_wconf 91' lang='lat' dir='ltr'>et</span> <span class='ocrx_word' id='word_1_82' title='bbox 573 1307 607 1371; x_wconf 91' lang='lat' dir='ltr'>in</span> <span class='ocrx_word' id='word_1_83' title='bbox 630 1308 760 1396; x_wconf 92' lang='lat' dir='ltr'>judicio</span> <span class='ocrx_word' id='word_1_84' title='bbox 784 1309 1062 1393; x_wconf 87' lang='lat' dir='ltr'>publico-curn</span> <span class='ocrx_word' id='word_1_85' title='bbox 1080 1329 1134 1372; x_wconf 88' lang='lat' dir='ltr'>res</span> <span class='ocrx_word' id='word_1_86' title='bbox 1153 1345 1182 1380; x_wconf 77' lang='lat' dir='ltr'>ro</span> 
     </span>
     <span class='ocr_line' id='line_1_12' title="bbox 80 1407 1133 1492; baseline 0.001 -23"><span class='ocrx_word' id='word_1_87' title='bbox 80 1418 211 1492; x_wconf 54' lang='lat' dir='ltr'>agatur.</span> <span class='ocrx_word' id='word_1_88' title='bbox 232 1408 324 1491; x_wconf 91' lang='lat' dir='ltr'>apud</span> <span class='ocrx_word' id='word_1_89' title='bbox 357 1420 548 1491; x_wconf 85' lang='lat' dir='ltr'>praetorem</span> <span class='ocrx_word' id='word_1_90' title='bbox 581 1409 697 1492; x_wconf 92' lang='lat' dir='ltr'>populi</span> <span class='ocrx_word' id='word_1_91' title='bbox 723 1408 886 1482; x_wconf 92' lang='lat' dir='ltr'>Romani,</span> <span class='ocrx_word' id='word_1_92' title='bbox 913 1407 1133 1472; x_wconf 89' lang='lat' dir='ltr'>lectissimum</span> 
     </span>
     <span class='ocr_line' id='line_1_13' title="bbox 78 1506 1135 1595; baseline 0.001 -26"><span class='ocrx_word' id='word_1_93' title='bbox 78 1506 205 1583; x_wconf 90' lang='lat' dir='ltr'>virum,</span> <span class='ocrx_word' id='word_1_94' title='bbox 234 1520 267 1572; x_wconf 89' lang='lat' dir='ltr'>et</span> <span class='ocrx_word' id='word_1_95' title='bbox 291 1508 383 1592; x_wconf 90' lang='lat' dir='ltr'>apud</span> <span class='ocrx_word' id='word_1_96' title='bbox 416 1506 649 1573; x_wconf 84' lang='lat' dir='ltr'>severissimos</span> <span class='ocrx_word' id='word_1_97' title='bbox 677 1508 824 1595; x_wconf 87' lang='lat' dir='ltr'>judices,</span> <span class='ocrx_word' id='word_1_98' title='bbox 850 1519 942 1572; x_wconf 89' lang='lat' dir='ltr'>tanto</span> <span class='ocrx_word' id='word_1_99' title='bbox 966 1519 1135 1572; x_wconf 89' lang='lat' dir='ltr'>conventu</span> 
     </span>
     <span class='ocr_line' id='line_1_14' title="bbox 80 1607 1133 1694; baseline -0.001 -24"><span class='ocrx_word' id='word_1_100' title='bbox 80 1607 261 1672; x_wconf 90' lang='lat' dir='ltr'>hominum</span> <span class='ocrx_word' id='word_1_101' title='bbox 295 1629 337 1672; x_wconf 87' lang='lat' dir='ltr'>ac</span> <span class='ocrx_word' id='word_1_102' title='bbox 368 1608 700 1694; x_wconf 75' lang='lat' dir='ltr'>frequentia-hoc</span> <span class='ocrx_word' id='word_1_103' title='bbox 735 1609 781 1672; x_wconf 92' lang='lat' dir='ltr'>uti</span> <span class='ocrx_word' id='word_1_104' title='bbox 821 1629 948 1692; x_wconf 75' lang='lat' dir='ltr'>genere</span> <span class='ocrx_word' id='word_1_105' title='bbox 984 1607 1133 1681; x_wconf 91' lang='lat' dir='ltr'>dicendi,</span> 
     </span>
     <span class='ocr_line' id='line_1_15' title="bbox 80 1708 1134 1794; baseline 0 -24"><span class='ocrx_word' id='word_1_106' title='bbox 80 1709 173 1792; x_wconf 94' lang='lat' dir='ltr'>quod</span> <span class='ocrx_word' id='word_1_107' title='bbox 207 1730 277 1771; x_wconf 89' lang='lat' dir='ltr'>non</span> <span class='ocrx_word' id='word_1_108' title='bbox 312 1708 411 1773; x_wconf 91' lang='lat' dir='ltr'>modo</span> <span class='ocrx_word' id='word_1_109' title='bbox 444 1729 464 1772; x_wconf 90' lang='lat' dir='ltr'>a</span> <span class='ocrx_word' id='word_1_110' title='bbox 492 1708 738 1773; x_wconf 90' lang='lat' dir='ltr'>consuetudine</span> <span class='ocrx_word' id='word_1_111' title='bbox 765 1708 986 1794; x_wconf 87' lang='lat' dir='ltr'>judiciorum,</span> <span class='ocrx_word' id='word_1_112' title='bbox 1016 1729 1134 1771; x_wconf 89' lang='lat' dir='ltr'>verum</span> 
     </span>
     <span class='ocr_line' id='line_1_16' title="bbox 80 1807 1181 1893; baseline 0 -23"><span class='ocrx_word' id='word_1_113' title='bbox 80 1808 185 1872; x_wconf 89' lang='lat' dir='ltr'>etiam</span> <span class='ocrx_word' id='word_1_114' title='bbox 213 1828 234 1871; x_wconf 94' lang='lat' dir='ltr'>a</span> <span class='ocrx_word' id='word_1_115' title='bbox 258 1808 382 1873; x_wconf 83' lang='lat' dir='ltr'>sorensi</span> <span class='ocrx_word' id='word_1_116' title='bbox 407 1830 566 1874; x_wconf 85' lang='lat' dir='ltr'>sermone</span> <span class='ocrx_word' id='word_1_117' title='bbox 590 1809 791 1881; x_wconf 88' lang='lat' dir='ltr'>abhorreat;</span> <span class='ocrx_word' id='word_1_118' title='bbox 828 1828 956 1893; x_wconf 89' lang='lat' dir='ltr'>quaeso</span> <span class='ocrx_word' id='word_1_119' title='bbox 981 1828 1000 1871; x_wconf 94' lang='lat' dir='ltr'>a</span> <span class='ocrx_word' id='word_1_120' title='bbox 1026 1807 1181 1892; x_wconf 77' lang='lat' dir='ltr'>vobis,15</span> 
     </span>
     <span class='ocr_line' id='line_1_17' title="bbox 81 1907 1136 1980; baseline 0 -10"><span class='ocrx_word' id='word_1_121' title='bbox 81 1908 177 1970; x_wconf 91' lang='lat' dir='ltr'>utin</span> <span class='ocrx_word' id='word_1_122' title='bbox 209 1909 275 1972; x_wconf 89' lang='lat' dir='ltr'>hac</span> <span class='ocrx_word' id='word_1_123' title='bbox 300 1929 405 1974; x_wconf 88' lang='lat' dir='ltr'>causa</span> <span class='ocrx_word' id='word_1_124' title='bbox 433 1909 515 1972; x_wconf 92' lang='lat' dir='ltr'>mihi</span> <span class='ocrx_word' id='word_1_125' title='bbox 541 1907 631 1980; x_wconf 89' lang='lat' dir='ltr'>detis</span> <span class='ocrx_word' id='word_1_126' title='bbox 653 1908 743 1971; x_wconf 91' lang='lat' dir='ltr'>hanc</span> <span class='ocrx_word' id='word_1_127' title='bbox 767 1908 915 1980; x_wconf 91' lang='lat' dir='ltr'>veniam,</span> <span class='ocrx_word' id='word_1_128' title='bbox 941 1908 1136 1971; x_wconf 89' lang='lat' dir='ltr'>adcommo-</span> 
     </span>
     <span class='ocr_line' id='line_1_18' title="bbox 10 1993 1135 2100; baseline 0 -30"><span class='ocrx_word' id='word_1_129' title='bbox 10 2097 11 2100; x_wconf 63' lang='lat'>,</span> <span class='ocrx_word' id='word_1_130' title='bbox 81 2007 199 2072; x_wconf 91' lang='lat' dir='ltr'>datam</span> <span class='ocrx_word' id='word_1_131' title='bbox 227 2008 307 2072; x_wconf 93' lang='lat' dir='ltr'>huic</span> <span class='ocrx_word' id='word_1_132' title='bbox 329 2030 400 2083; x_wconf 92' lang='lat' dir='ltr'>reo,</span> <span class='ocrx_word' id='word_1_133' title='bbox 418 2009 514 2072; x_wconf 89' lang='lat' dir='ltr'>vobis</span> <span class='ocrx_word' id='word_1_134' title='bbox 543 2011 663 2095; x_wconf 88' lang='lat' dir='ltr'>(quem</span> <span class='ocrx_word' id='word_1_135' title='bbox 690 2008 732 2072; x_wconf 91' lang='lat' dir='ltr'>ad</span> <span class='ocrx_word' id='word_1_136' title='bbox 759 2009 896 2072; x_wconf 91' lang='lat' dir='ltr'>modum</span> <span class='ocrx_word' id='word_1_137' title='bbox 915 1993 1032 2092; x_wconf 82' lang='lat' dir='ltr'>sp&#39;ero)</span> <span class='ocrx_word' id='word_1_138' title='bbox 1068 2028 1135 2072; x_wconf 91' lang='lat' dir='ltr'>non</span> 
     </span>
    </p>
   </div>
   <div class='ocr_carea' id='block_1_3' title="bbox 81 2107 1236 2290">
    <p class='ocr_par' dir='ltr' id='par_1_4' title="bbox 81 2107 1236 2290">
     <span class='ocr_line' id='line_1_19' title="bbox 81 2107 1232 2193; baseline 0.003 -23"><span class='ocrx_word' id='word_1_139' title='bbox 81 2108 279 2182; x_wconf 88' lang='lat' dir='ltr'>molestam,</span> <span class='ocrx_word' id='word_1_140' title='bbox 298 2118 335 2172; x_wconf 94' lang='lat' dir='ltr'>ut</span> <span class='ocrx_word' id='word_1_141' title='bbox 351 2129 406 2172; x_wconf 87' lang='lat' dir='ltr'>me</span> <span class='ocrx_word' id='word_1_142' title='bbox 434 2130 496 2193; x_wconf 90' lang='lat' dir='ltr'>pro</span> <span class='ocrx_word' id='word_1_143' title='bbox 524 2130 658 2172; x_wconf 88' lang='lat' dir='ltr'>summo</span> <span class='ocrx_word' id='word_1_144' title='bbox 676 2111 774 2191; x_wconf 71' lang='lat' dir='ltr'>poeta</span> <span class='ocrx_word' id='word_1_145' title='bbox 791 2118 891 2192; x_wconf 91' lang='lat' dir='ltr'>atque</span> <span class='ocrx_word' id='word_1_146' title='bbox 909 2107 1137 2172; x_wconf 90' lang='lat' dir='ltr'>eruditissimo</span> <span class='ocrx_word' id='word_1_147' title='bbox 1227 2167 1232 2174; x_wconf 86' lang='lat'><em>.</em></span> 
     </span>
     <span class='ocr_line' id='line_1_20' title="bbox 82 2195 1236 2290; baseline 0.002 -21"><span class='ocrx_word' id='word_1_148' title='bbox 82 2205 224 2271; x_wconf 89' lang='lat' dir='ltr'>homine</span> <span class='ocrx_word' id='word_1_149' title='bbox 249 2208 431 2281; x_wconf 89' lang='lat' dir='ltr'>dicentem,</span> <span class='ocrx_word' id='word_1_150' title='bbox 458 2209 524 2272; x_wconf 93' lang='lat' dir='ltr'>hoc</span> <span class='ocrx_word' id='word_1_151' title='bbox 549 2229 718 2272; x_wconf 90' lang='lat' dir='ltr'>concursu</span> <span class='ocrx_word' id='word_1_152' title='bbox 751 2208 927 2272; x_wconf 93' lang='lat' dir='ltr'>hominum</span> <span class='ocrx_word' id='word_1_153' title='bbox 952 2208 1136 2272; x_wconf 89' lang='lat' dir='ltr'>literatissi·</span> <span class='ocrx_word' id='word_1_154' title='bbox 1222 2195 1236 2290; x_wconf 55' lang='lat' dir='ltr'>J</span> 
     </span>
    </p>
   </div>
   <div class='ocr_carea' id='block_1_4' title="bbox 82 2307 1181 3091">
    <p class='ocr_par' dir='ltr' id='par_1_5' title="bbox 82 2307 1181 3091">
     <span class='ocr_line' id='line_1_21' title="bbox 82 2307 1181 2392; baseline 0.004 -22"><span class='ocrx_word' id='word_1_155' title='bbox 82 2327 233 2384; x_wconf 90' lang='lat' dir='ltr'>morum,</span> <span class='ocrx_word' id='word_1_156' title='bbox 252 2308 318 2372; x_wconf 90' lang='lat' dir='ltr'>hac</span> <span class='ocrx_word' id='word_1_157' title='bbox 334 2319 447 2372; x_wconf 91' lang='lat' dir='ltr'>vestra</span> <span class='ocrx_word' id='word_1_158' title='bbox 474 2307 698 2380; x_wconf 88' lang='lat' dir='ltr'>humanitate,</span> <span class='ocrx_word' id='word_1_159' title='bbox 718 2308 783 2372; x_wconf 88' lang='lat' dir='ltr'>hoc</span> <span class='ocrx_word' id='word_1_160' title='bbox 808 2307 956 2392; x_wconf 89' lang='lat' dir='ltr'>denique</span> <span class='ocrx_word' id='word_1_161' title='bbox 983 2321 1136 2391; x_wconf 89' lang='lat' dir='ltr'>praetore</span> <span class='ocrx_word' id='word_1_162' title='bbox 1149 2341 1181 2374; x_wconf 83' lang='lat'>20</span> 
     </span>
     <span class='ocr_line' id='line_1_22' title="bbox 82 2406 1136 2495; baseline 0 -24"><span class='ocrx_word' id='word_1_163' title='bbox 82 2413 268 2473; x_wconf 81' lang='lat' dir='ltr'>exercente</span> <span class='ocrx_word' id='word_1_164' title='bbox 296 2408 477 2495; x_wconf 90' lang='lat' dir='ltr'>judicium,</span> <span class='ocrx_word' id='word_1_165' title='bbox 503 2407 680 2492; x_wconf 90' lang='lat' dir='ltr'>patiamini</span> <span class='ocrx_word' id='word_1_166' title='bbox 705 2407 748 2472; x_wconf 88' lang='lat' dir='ltr'>de</span> <span class='ocrx_word' id='word_1_167' title='bbox 772 2406 892 2478; x_wconf 87' lang='lat' dir='ltr'>studiis</span> <span class='ocrx_word' id='word_1_168' title='bbox 917 2407 1136 2471; x_wconf 85' lang='lat' dir='ltr'>humanitatis</span> 
     </span>
     <span class='ocr_line' id='line_1_23' title="bbox 83 2507 1138 2594; baseline -0.002 -23"><span class='ocrx_word' id='word_1_169' title='bbox 83 2526 123 2572; x_wconf 90' lang='lat' dir='ltr'>ac</span> <span class='ocrx_word' id='word_1_170' title='bbox 140 2509 329 2573; x_wconf 87' lang='lat' dir='ltr'>litterarum</span> <span class='ocrx_word' id='word_1_171' title='bbox 354 2509 458 2593; x_wconf 91' lang='lat' dir='ltr'>paulo</span> <span class='ocrx_word' id='word_1_172' title='bbox 475 2507 566 2594; x_wconf 92' lang='lat' dir='ltr'>loqui</span> <span class='ocrx_word' id='word_1_173' title='bbox 592 2507 742 2575; x_wconf 88' lang='lat' dir='ltr'>liberius,</span> <span class='ocrx_word' id='word_1_174' title='bbox 762 2520 794 2570; x_wconf 91' lang='lat' dir='ltr'>et</span> <span class='ocrx_word' id='word_1_175' title='bbox 810 2507 844 2570; x_wconf 92' lang='lat' dir='ltr'>in</span> <span class='ocrx_word' id='word_1_176' title='bbox 862 2507 935 2594; x_wconf 89' lang='lat' dir='ltr'>ejus</span> <span class='ocrx_word' id='word_1_177' title='bbox 954 2507 1043 2570; x_wconf 94' lang='lat' dir='ltr'>modi</span> <span class='ocrx_word' id='word_1_178' title='bbox 1062 2527 1138 2590; x_wconf 89' lang='lat' dir='ltr'>per-</span> 
     </span>
     <span class='ocr_line' id='line_1_24' title="bbox 82 2607 1137 2694; baseline -0.002 -22"><span class='ocrx_word' id='word_1_179' title='bbox 82 2628 182 2684; x_wconf 91' lang='lat' dir='ltr'>sona,</span> <span class='ocrx_word' id='word_1_180' title='bbox 206 2630 294 2694; x_wconf 88' lang='lat' dir='ltr'>quae</span> <span class='ocrx_word' id='word_1_181' title='bbox 319 2621 456 2694; x_wconf 87' lang='lat' dir='ltr'>propter</span> <span class='ocrx_word' id='word_1_182' title='bbox 475 2609 580 2672; x_wconf 90' lang='lat' dir='ltr'>otium</span> <span class='ocrx_word' id='word_1_183' title='bbox 598 2629 639 2672; x_wconf 88' lang='lat' dir='ltr'>ac</span> <span class='ocrx_word' id='word_1_184' title='bbox 664 2607 812 2671; x_wconf 92' lang='lat' dir='ltr'>studium</span> <span class='ocrx_word' id='word_1_185' title='bbox 831 2607 970 2670; x_wconf 88' lang='lat' dir='ltr'>minime</span> <span class='ocrx_word' id='word_1_186' title='bbox 987 2607 1021 2670; x_wconf 94' lang='lat' dir='ltr'>in</span> <span class='ocrx_word' id='word_1_187' title='bbox 1046 2607 1137 2694; x_wconf 88' lang='lat' dir='ltr'>jndi-</span> 
     </span>
     <span class='ocr_line' id='line_1_25' title="bbox 83 2707 1135 2795; baseline -0.002 -23"><span class='ocrx_word' id='word_1_188' title='bbox 83 2708 145 2774; x_wconf 88' lang='lat' dir='ltr'>ciis</span> <span class='ocrx_word' id='word_1_189' title='bbox 173 2709 403 2795; x_wconf 87' lang='lat' dir='ltr'>periculisque</span> <span class='ocrx_word' id='word_1_190' title='bbox 428 2720 570 2778; x_wconf 89' lang='lat' dir='ltr'>tractata</span> <span class='ocrx_word' id='word_1_191' title='bbox 596 2720 659 2780; x_wconf 92' lang='lat' dir='ltr'>est,</span> <span class='ocrx_word' id='word_1_192' title='bbox 678 2707 725 2770; x_wconf 92' lang='lat' dir='ltr'>uti</span> <span class='ocrx_word' id='word_1_193' title='bbox 749 2727 853 2790; x_wconf 91' lang='lat' dir='ltr'>prope</span> <span class='ocrx_word' id='word_1_194' title='bbox 876 2728 964 2771; x_wconf 92' lang='lat' dir='ltr'>novo</span> <span class='ocrx_word' id='word_1_195' title='bbox 986 2708 1135 2791; x_wconf 93' lang='lat' dir='ltr'>quodam</span> 
     </span>
     <span class='ocr_line' id='line_1_26' title="bbox 84 2805 1179 2895; baseline 0 -23"><span class='ocrx_word' id='word_1_196' title='bbox 84 2822 116 2872; x_wconf 90' lang='lat' dir='ltr'>et</span> <span class='ocrx_word' id='word_1_197' title='bbox 138 2809 299 2874; x_wconf 87' lang='lat' dir='ltr'>inusitato</span> <span class='ocrx_word' id='word_1_198' title='bbox 321 2830 449 2895; x_wconf 88' lang='lat' dir='ltr'>genere</span> <span class='ocrx_word' id='word_1_199' title='bbox 474 2806 623 2873; x_wconf 90' lang='lat' dir='ltr'>dicendi.</span> <span class='ocrx_word' id='word_1_200' title='bbox 672 2819 700 2866; x_wconf 81' lang='lat' dir='ltr'>t.</span> <span class='ocrx_word' id='word_1_201' title='bbox 725 2805 830 2889; x_wconf 77' lang='lat' dir='ltr'>Qud</span> <span class='ocrx_word' id='word_1_202' title='bbox 854 2806 882 2871; x_wconf 91' lang='lat' dir='ltr'>si</span> <span class='ocrx_word' id='word_1_203' title='bbox 904 2806 986 2869; x_wconf 87' lang='lat' dir='ltr'>milii</span> <span class='ocrx_word' id='word_1_204' title='bbox 1004 2827 1023 2868; x_wconf 91' lang='lat' dir='ltr'>a</span> <span class='ocrx_word' id='word_1_205' title='bbox 1040 2806 1179 2888; x_wconf 78' lang='lat' dir='ltr'>vobisz5</span> 
     </span>
     <span class='ocr_line' id='line_1_27' title="bbox 84 2905 1137 2995; baseline -0.003 -25"><span class='ocrx_word' id='word_1_206' title='bbox 84 2909 185 2972; x_wconf 92' lang='lat' dir='ltr'>tribui</span> <span class='ocrx_word' id='word_1_207' title='bbox 212 2910 422 2995; x_wconf 86' lang='lat' dir='ltr'>concedique</span> <span class='ocrx_word' id='word_1_208' title='bbox 446 2909 604 2980; x_wconf 89' lang='lat' dir='ltr'>sentiam,</span> <span class='ocrx_word' id='word_1_209' title='bbox 624 2907 798 2992; x_wconf 87' lang='lat' dir='ltr'>perficiam</span> <span class='ocrx_word' id='word_1_210' title='bbox 825 2905 975 2989; x_wconf 82' lang='lat' dir='ltr'>profecto</span> <span class='ocrx_word' id='word_1_211' title='bbox 992 2917 1029 2968; x_wconf 90' lang='lat' dir='ltr'>ut</span> <span class='ocrx_word' id='word_1_212' title='bbox 1045 2906 1137 2968; x_wconf 93' lang='lat' dir='ltr'>hunc</span> 
     </span>
     <span class='ocr_line' id='line_1_28' title="bbox 86 3004 1137 3091; baseline 0.001 -21"><span class='ocrx_word' id='word_1_213' title='bbox 86 3005 132 3070; x_wconf 90' lang='lat' dir='ltr'>A.</span> <span class='ocrx_word' id='word_1_214' title='bbox 160 3007 332 3083; x_wconf 86' lang='lat' dir='ltr'>Licinium</span> <span class='ocrx_word' id='word_1_215' title='bbox 362 3031 430 3073; x_wconf 90' lang='lat' dir='ltr'>non</span> <span class='ocrx_word' id='word_1_216' title='bbox 461 3010 562 3074; x_wconf 91' lang='lat' dir='ltr'>modo</span> <span class='ocrx_word' id='word_1_217' title='bbox 591 3029 658 3071; x_wconf 91' lang='lat' dir='ltr'>non</span> <span class='ocrx_word' id='word_1_218' title='bbox 687 3005 958 3091; x_wconf 82' lang='lat' dir='ltr'>segregandum,</span> <span class='ocrx_word' id='word_1_219' title='bbox 989 3025 1066 3068; x_wconf 92' lang='lat' dir='ltr'>cum</span> <span class='ocrx_word' id='word_1_220' title='bbox 1095 3004 1137 3071; x_wconf 86' lang='lat' dir='ltr'>sit</span> 
     </span>
    </p>
   </div>
   <div class='ocr_carea' id='block_1_5' title="bbox 88 3104 1232 3182">
    <p class='ocr_par' dir='ltr' id='par_1_6' title="bbox 88 3104 1232 3182">
     <span class='ocr_line' id='line_1_29' title="bbox 88 3104 1232 3182; baseline -0.001 -12"><span class='ocrx_word' id='word_1_221' title='bbox 88 3108 184 3178; x_wconf 90' lang='lat' dir='ltr'>civis,</span> <span class='ocrx_word' id='word_1_222' title='bbox 214 3129 234 3172; x_wconf 91' lang='lat' dir='ltr'>a</span> <span class='ocrx_word' id='word_1_223' title='bbox 262 3130 405 3172; x_wconf 90' lang='lat' dir='ltr'>numero</span> <span class='ocrx_word' id='word_1_224' title='bbox 434 3109 572 3182; x_wconf 89' lang='lat' dir='ltr'>civium,</span> <span class='ocrx_word' id='word_1_225' title='bbox 601 3128 721 3171; x_wconf 91' lang='lat' dir='ltr'>verum</span> <span class='ocrx_word' id='word_1_226' title='bbox 750 3105 851 3170; x_wconf 88' lang='lat' dir='ltr'>etiarn</span> <span class='ocrx_word' id='word_1_227' title='bbox 880 3104 908 3169; x_wconf 92' lang='lat' dir='ltr'>si</span> <span class='ocrx_word' id='word_1_228' title='bbox 937 3126 1004 3169; x_wconf 90' lang='lat' dir='ltr'>non</span> <span class='ocrx_word' id='word_1_229' title='bbox 1033 3116 1134 3180; x_wconf 90' lang='lat' dir='ltr'>esset,</span> <span class='ocrx_word' id='word_1_230' title='bbox 1229 3129 1232 3136; x_wconf 92' lang='lat'>·</span> 
     </span>
    </p>
   </div>
   <div class='ocr_carea' id='block_1_6' title="bbox 90 3208 1184 4005">
    <p class='ocr_par' dir='ltr' id='par_1_7' title="bbox 90 3208 613 3289">
     <span class='ocr_line' id='line_1_30' title="bbox 90 3208 613 3289; baseline -0.006 -18"><span class='ocrx_word' id='word_1_231' title='bbox 90 3209 209 3289; x_wconf 89' lang='lat' dir='ltr'>putetis</span> <span class='ocrx_word' id='word_1_232' title='bbox 234 3209 471 3274; x_wconf 90' lang='lat' dir='ltr'>asciscendum</span> <span class='ocrx_word' id='word_1_233' title='bbox 497 3208 613 3271; x_wconf 83' lang='lat' dir='ltr'>fuisse.</span> 
     </span>
    </p>

    <p class='ocr_par' dir='ltr' id='par_1_8' title="bbox 91 3303 1184 4005">
     <span class='ocr_line' id='line_1_31' title="bbox 134 3303 1182 3392; baseline -0.002 -21"><span class='ocrx_word' id='word_1_234' title='bbox 134 3327 184 3372; x_wconf 93' lang='lat'>111.</span> <span class='ocrx_word' id='word_1_235' title='bbox 223 3307 315 3372; x_wconf 93' lang='lat' dir='ltr'>Nam</span> <span class='ocrx_word' id='word_1_236' title='bbox 343 3321 378 3373; x_wconf 95' lang='lat' dir='ltr'>ut</span> <span class='ocrx_word' id='word_1_237' title='bbox 407 3307 551 3392; x_wconf 90' lang='lat' dir='ltr'>primum</span> <span class='ocrx_word' id='word_1_238' title='bbox 582 3328 625 3370; x_wconf 89' lang='lat' dir='ltr'>ex</span> <span class='ocrx_word' id='word_1_239' title='bbox 654 3305 769 3392; x_wconf 87' lang='lat' dir='ltr'>pueris</span> <span class='ocrx_word' id='word_1_240' title='bbox 802 3305 948 3370; x_wconf 89' lang='lat' dir='ltr'>excessit</span> <span class='ocrx_word' id='word_1_241' title='bbox 973 3303 1134 3380; x_wconf 88' lang='lat' dir='ltr'>Archias,</span> <span class='ocrx_word' id='word_1_242' title='bbox 1152 3338 1182 3385; x_wconf 78' lang='lat'>30</span> 
     </span>
     <span class='ocr_line' id='line_1_32' title="bbox 91 3405 1138 3493; baseline -0.001 -25"><span class='ocrx_word' id='word_1_243' title='bbox 91 3422 189 3493; x_wconf 91' lang='lat' dir='ltr'>atque</span> <span class='ocrx_word' id='word_1_244' title='bbox 208 3410 250 3472; x_wconf 92' lang='lat' dir='ltr'>ab</span> <span class='ocrx_word' id='word_1_245' title='bbox 265 3408 313 3472; x_wconf 90' lang='lat' dir='ltr'>eis</span> <span class='ocrx_word' id='word_1_246' title='bbox 331 3409 457 3472; x_wconf 89' lang='lat' dir='ltr'>artibus</span> <span class='ocrx_word' id='word_1_247' title='bbox 475 3408 598 3492; x_wconf 89' lang='lat' dir='ltr'>quibus</span> <span class='ocrx_word' id='word_1_248' title='bbox 615 3419 708 3471; x_wconf 89' lang='lat' dir='ltr'>aetas</span> <span class='ocrx_word' id='word_1_249' title='bbox 726 3405 866 3491; x_wconf 89' lang='lat' dir='ltr'>puerilis</span> <span class='ocrx_word' id='word_1_250' title='bbox 884 3405 927 3468; x_wconf 93' lang='lat' dir='ltr'>ad</span> <span class='ocrx_word' id='word_1_251' title='bbox 947 3405 1138 3468; x_wconf 88' lang='lat' dir='ltr'>humanita-</span> 
     </span>
     <span class='ocr_line' id='line_1_33' title="bbox 92 3493 1135 3578; baseline -0.001 -9"><span class='ocrx_word' id='word_1_252' title='bbox 92 3517 156 3570; x_wconf 89' lang='lat' dir='ltr'>tem</span> <span class='ocrx_word' id='word_1_253' title='bbox 180 3493 355 3572; x_wconf 87' lang='lat' dir='ltr'>insormari</span> <span class='ocrx_word' id='word_1_254' title='bbox 380 3508 464 3572; x_wconf 89' lang='lat' dir='ltr'>solet</span> <span class='ocrx_word' id='word_1_255' title='bbox 484 3530 520 3571; x_wconf 92' lang='lat' dir='ltr'>se</span> <span class='ocrx_word' id='word_1_256' title='bbox 545 3507 589 3570; x_wconf 90' lang='lat' dir='ltr'>ad</span> <span class='ocrx_word' id='word_1_257' title='bbox 615 3507 783 3570; x_wconf 89' lang='lat' dir='ltr'>scribendi</span> <span class='ocrx_word' id='word_1_258' title='bbox 809 3505 958 3570; x_wconf 89' lang='lat' dir='ltr'>studium</span> <span class='ocrx_word' id='word_1_259' title='bbox 984 3505 1135 3578; x_wconf 88' lang='lat' dir='ltr'>contulit,</span> 
     </span>
     <span class='ocr_line' id='line_1_34' title="bbox 93 3605 1139 3688; baseline -0.001 -21"><span class='ocrx_word' id='word_1_260' title='bbox 93 3607 235 3688; x_wconf 88' lang='lat' dir='ltr'>primum</span> <span class='ocrx_word' id='word_1_261' title='bbox 254 3606 604 3672; x_wconf 87' lang='lat' dir='ltr'>Antiochiae—nam</span> <span class='ocrx_word' id='word_1_262' title='bbox 622 3607 667 3669; x_wconf 93' lang='lat' dir='ltr'>ibi</span> <span class='ocrx_word' id='word_1_263' title='bbox 686 3619 785 3670; x_wconf 90' lang='lat' dir='ltr'>natus</span> <span class='ocrx_word' id='word_1_264' title='bbox 813 3619 863 3670; x_wconf 90' lang='lat' dir='ltr'>est</span> <span class='ocrx_word' id='word_1_265' title='bbox 879 3606 955 3670; x_wconf 93' lang='lat' dir='ltr'>loco</span> <span class='ocrx_word' id='word_1_266' title='bbox 980 3605 1083 3668; x_wconf 90' lang='lat' dir='ltr'>nobili</span> <span class='ocrx_word' id='word_1_267' title='bbox 1096 3641 1139 3652; x_wconf 87' lang='lat'>--</span> 
     </span>
     <span class='ocr_line' id='line_1_35' title="bbox 94 3703 1139 3793; baseline 0 -25"><span class='ocrx_word' id='word_1_268' title='bbox 94 3706 213 3771; x_wconf 88' lang='lat' dir='ltr'>celebri</span> <span class='ocrx_word' id='word_1_269' title='bbox 240 3707 414 3793; x_wconf 86' lang='lat' dir='ltr'>quondam</span> <span class='ocrx_word' id='word_1_270' title='bbox 441 3708 523 3771; x_wconf 91' lang='lat' dir='ltr'>urbe</span> <span class='ocrx_word' id='word_1_271' title='bbox 550 3718 582 3770; x_wconf 90' lang='lat' dir='ltr'>et</span> <span class='ocrx_word' id='word_1_272' title='bbox 607 3705 759 3790; x_wconf 89' lang='lat' dir='ltr'>copiosa,</span> <span class='ocrx_word' id='word_1_273' title='bbox 778 3718 879 3791; x_wconf 90' lang='lat' dir='ltr'>atque</span> <span class='ocrx_word' id='word_1_274' title='bbox 903 3703 1139 3770; x_wconf 90' lang='lat' dir='ltr'>eruditissimis</span> 
     </span>
     <span class='ocr_line' id='line_1_36' title="bbox 95 3805 1184 3891; baseline -0.002 -22"><span class='ocrx_word' id='word_1_275' title='bbox 95 3805 284 3872; x_wconf 84' lang='lat' dir='ltr'>hominibus</span> <span class='ocrx_word' id='word_1_276' title='bbox 309 3806 622 3891; x_wconf 89' lang='lat' dir='ltr'>liberalissimisque</span> <span class='ocrx_word' id='word_1_277' title='bbox 646 3806 766 3870; x_wconf 91' lang='lat' dir='ltr'>studiis</span> <span class='ocrx_word' id='word_1_278' title='bbox 790 3805 967 3877; x_wconf 86' lang='lat' dir='ltr'>adfluenti,</span> <span class='ocrx_word' id='word_1_279' title='bbox 986 3805 1140 3869; x_wconf 88' lang='lat' dir='ltr'>celeriter</span> <span class='ocrx_word' id='word_1_280' title='bbox 1155 3836 1184 3886; x_wconf 81' lang='lat'>35</span> 
     </span>
     <span class='ocr_line' id='line_1_37' title="bbox 96 3903 1139 4005; baseline -0.002 -37"><span class='ocrx_word' id='word_1_281' title='bbox 96 3907 295 3971; x_wconf 86' lang='lat' dir='ltr'>antecellere</span> <span class='ocrx_word' id='word_1_282' title='bbox 320 3905 478 3970; x_wconf 91' lang='lat' dir='ltr'>omnibus</span> <span class='ocrx_word' id='word_1_283' title='bbox 505 3904 622 3992; x_wconf 81' lang='lat' dir='ltr'>ingeni</span> <span class='ocrx_word' id='word_1_284' title='bbox 647 3903 758 3991; x_wconf 83' lang='lat' dir='ltr'>gloria</span> <span class='ocrx_word' id='word_1_285' title='bbox 785 3905 938 3990; x_wconf 84' lang='lat' dir='ltr'>contigit.</span> <span class='ocrx_word' id='word_1_286' title='bbox 960 3943 965 4005; x_wconf 53' lang='lat' dir='ltr'>l</span> <span class='ocrx_word' id='word_1_287' title='bbox 999 3903 1079 3969; x_wconf 91' lang='lat' dir='ltr'>Post</span> <span class='ocrx_word' id='word_1_288' title='bbox 1105 3903 1139 3967; x_wconf 92' lang='lat' dir='ltr'>in</span> 
     </span>
    </p>
   </div>
   <div class='ocr_carea' id='block_1_7' title="bbox 0 0 1345 4262">
    <p class='ocr_par' dir='ltr' id='par_1_9' title="bbox 0 0 1345 4262">
     <span class='ocr_line' id='line_1_38' title="bbox 0 0 1345 4262; baseline 0 0"><span class='ocrx_word' id='word_1_289' title='bbox 0 0 1345 4262; x_wconf 95' lang='lat' dir='ltr'> </span> 
     </span>
    </p>
   </div>
  </div>
 </body>
</html>
