2716 4266
104 253 184 296 xxiv.
202 239 262 314 64]
359 242 476 309 Mr‘lo's
505 241 661 310 Conduct
683 243 911 326 afterwards.
1096 259 1160 332 193

102 443 203 509 etiam
223 443 369 531 publicis
388 442 566 529 praesidiis
586 453 619 509 et
643 442 768 518 armis3
800 465 913 532 neque
937 443 991 508 his
1014 453 1158 519 tantum,

101 565 221 609 verum
241 545 341 609 etiam
360 544 434 632 ejus
451 544 620 629 potestati,
636 545 691 608 cui
710 554 847 608 senatus
864 553 967 609 totam
986 565 1057 609 rem
1075 543 1161 628 pub-

101 645 218 719 licam,
247 665 385 710 omnem
410 642 529 708 Italiae
555 644 695 728 pubem,
719 655 850 708 cuncta'
866 643 983 730 populi
1008 642 1158 709 Romani

101 765 197 808 arma
219 744 458 810 commiserat:
483 743 537 808 cui
563 765 750 830 numquam
776 765 812 807 se
837 743 894 806 hic
919 742 1069 827 profecto
1092 757 1160 806 tra-

99 845 255 920 didisset,
280 843 344 910 nisi
370 864 495 912 causae
513 864 595 908 suae
613 843 809 918 confideret,
827 843 1027 928 praesertim
1043 843 1157 906 omnia
1180 866 1195 922 ς

99 945 268 1019 audienti,
287 962 416 1033 magna
434 943 609 1016 metuenti,
629 944 734 1007 multa
752 942 951 1028 suspicanti,
970 964 1038 1006 non
1064 942 1160 1006 nulla

99 1045 267 1110 credenti.
331 1044 465 1134 Magna
502 1044 553 1109 vis
591 1055 642 1108 est
673 1043 916 1119 conscientiae,
945 1042 1092 1129 judiceS,
1126 1051 1159 1108 et

98 1165 231 1232 magna
263 1146 298 1210 in
329 1158 508 1232 utramque
541 1155 687 1231 partem,
717 1154 896 1228 ut'neque
927 1142 1069 1206 timeant
1099 1141 1157 1230 qui

97 1245 184 1308 nihil
202 1245 448 1322 commiserint,
468 1256 501 1311 et
517 1263 663 1331 poenam
683 1264 820 1330 semper
839 1254 916 1308 ante
940 1243 1059 1308 oculos
1083 1261 1159 1308 ver-

98 1341 166 1408 sari
184 1358 305 1430 putent
319 1346 376 1434 qui
394 1346 580 1433 peccarint.
1181 1373 1213 1414 ιο

141 1461 190 1510 oa.
215 1445 340 1532 Neque
372 1467 453 1510 vero
485 1446 558 1510 sine
590 1444 721 1510 ratione
753 1453 845 1509 certa
877 1463 983 1509 causa
1014 1441 1157 1508 Milonis

98 1561 237 1631 semper
261 1566 281 1610 a
305 1559 424 1616 senatu
449 1547 591 1631 probata
611 1556 673 1610 est.
721 1544 897 1609 Videbant
913 1544 1005 1608 enim
1022 1544 1156 1628 sapien·

96 1645 219 1710 tissimi
254 1645 410 1711 homines
442 1645 522 1711 facti
557 1646 736 1719 rationem,
771 1643 1000 1731 praesentiam
1036 1643 1154 1720 animi,

97 1746 310 1812 defensionis
323 1749 564 1813 constantiam.
615 1745 671 1810 An
688 1767 770 1811 vero
786 1746 880 1810 obliti
899 1745 991 1818 estis,
1006 1743 1154 1834 judices

92 1847 227 1912 recenti
246 1846 304 1910 illo
321 1846 439 1910 nuntio
455 1847 549 1910 necis
567 1845 770 1921 Clodianae,
789 1867 858 1911 non
876 1846 977 1910 modo
1001 1845 1157 1910 inimico·
1178 1865 1209 1920 ις

98 1967 173 2010 rum
200 1945 343 2012 Milonis
368 1967 544 2011 sermones
561 1958 593 2009 et
609 1946 800 2031 opinioneS,
820 1946 965 2012 sednon
984 1946 1155 2010 nullorum

98 2047 202 2110 etiam
220 2043 476 2132 imperitorum?
519 2045 706 2134 Negabant
722 2068 800 2111 eum
819 2045 970 2112 Romam
987 2067 1062 2112 esse
1079 2047 1155 2111 red·

99 2143 238 2210 iturum.
298 2163 346 2209 oa.
370 2145 451 2210 Sive
478 2146 569 2210 enim
598 2146 683 2210 illud
709 2145 824 2212 animo
850 2147 935 2211 irato
962 2167 1003 2212 ac
1026 2147 1155 2231 percito

98 2244 249 2321 fecisset,
268 2258 304 2310 ut
320 2246 483 2311 incensus
497 2246 576 2311 odio
598 2247 781 2311 trucidaret
804 2247 995 2322 inimicum,
1014 2247 1156 2311 arbitra-

98 2345 225 2410 b'antur
246 2367 324 2410 eum
348 2345 431 2410 tanti
457 2358 599 2410 mortem
624 2343 663 2410 Ρ.
688 2344 790 2411 Clodi
815 2359 966 2434 putasse,
984 2358 1021 2412 ut
1046 2369 1155 2433 aequo
1175 2361 1209 2398 20

99 2446 216 2511 animo
241 2445 351 2532 patria
374 2456 517 2520 careret,
537 2467 614 2510 cum
640 2448 810 2534 sanguine
832 2448 960 2514 inimici
983 2449 1157 2533 explesset

98 2547 217 2610 odium
235 2566 356 2619 suum;
381 2545 451 2610 sive
469 2545 571 2610 etiam
591 2547 682 2611 illius
707 2559 813 2612 morte
839 2549 983 2634 patriam
1009 2549 1154 2613 liberare

98 2647 275 2720 voluisset,
290 2662 358 2710 non
376 2645 605 2710 dubitaturum
623 2647 743 2712 fortem
759 2648 869 2712 virum
886 2650 981 2736 quin,
998 2669 1076 2714 curn
1094 2669 1155 2712 suo

100 2746 253 2834 periculo
285 2746 429 2810 salutem
461 2747 589 2831 populo
622 2745 784 2812 Romano
817 2750 994 2818 attulisset,
1019 2749 1156 2814 cederet

100 2865 211 2933 aequo
237 2845 350 2909 animo
367 2844 556 2934 [legibus],
572 2855 688 2911 secum
704 2849 850 2914 auferret
867 2850 1013 2937 gloriam
1030 2849 1156 2933 sempi-
1176 2855 1208 2909 25

100 2956 246 3020 ternam,
272 2944 370 3009 nobis
409 2945 496 3010 haec
517 2938 678 3012 'fruenda
709 2948 927 3035 relinqueret,
961 2970 1049 3036 quae
1081 2950 1155 3034 ipse

101 3057 281 3110 servasset.
323 3043 425 3109 Multi
451 3047 552 3110 etiam
580 3045 766 3114 Catilinam
793 3062 893 3135 atque
917 3050 976 3114 illa
1001 3061 1155 3136 portenta

102 3146 347 3234 loquebantur:
369 3156 377 3184 ⁶
392 3143 570 3233 Erumpet‚
585 3147 766 3232 occupabit
780 3149 927 3234 aliquem
942 3149 1068 3223 locum,
1083 3150 1155 3214 bel-

101 3246 171 3310 lum
189 3246 318 3331 patriae
335 3244 461 3309 faciet.’
508 3246 656 3312 Miseros
673 3247 843 3311 interdum
868 3250 951 3313 civis
968 3251 1094 3334 optime
1111 3250 1155 3313 de

102 3367 137 3410 re
163 3346 299 3432 publica
324 3345 473 3422 meritos,
498 3346 532 3410 in
558 3347 680 3433 quibus
702 3347 858 3412 homines
882 3369 950 3412 non
977 3351 1077 3414 modo
1101 3371 1155 3413 res
1176 3351 1211 3403 30

102 3444 392 3529 praeclarissimas
416 3445 676 3519 obliviscuntur,
698 3447 758 3510 sed
782 3447 883 3510 etiarn
909 3447 1057 3512 nefarias
1082 3469 1151 3513 sus·

103 3544 276 3628 picantur!
323 3563 370 3609 ot.
394 3543 489 3634 Ergo
506 3546 564 3609 illa
581 3545 667 3610 falsa
684 3545 830 3619 fuerunt,
846 3567 935 3632 quae
960 3559 1049 3611 certe
1073 3569 1154 3612 vera

102 3647 322 3720 exstitissent,
337 3647 365 3711 si
383 3645 469 3710 Milo
487 3645 680 3710 admisisset
696 3645 824 3732 aliquid
840 3647 932 3732 quod
949 3668 1016 3712 non
1042 3660 1155 3733 posset

103 3741 241 3810 honeste
265 3767 413 3832 vereque
437 3745 633 3810 defendere.

146 3865 247 3910 xxiv.
276 3843 394 3930 Quid?
434 3866 522 3931 quae
555 3857 671 3928 postea
700 3854 778 3908 sunt
804 3845 838 3910 in
868 3867 945 3910 eum
974 3858 1152 3934 congesta,
1173 3853 1206 3907 35

103 3965 188 4032 quae
205 3945 360 4034 quemvis
377 3945 479 4010 etiam
506 3943 727 4013 mediocrium
752 3946 952 4010 delictorum
977 3947 1154 4012 conscien-

612 4066 646 4120 ῑιζΧ
