2714 4266
171 192 214 238 20
491 172 649 258 Defence
672 175 720 260 of
738 173 896 239 Roscius.
1026 173 1132 243 [Rosc.
1155 175 1223 229 Au.

168 396 245 440 cum
266 373 436 462 integram
458 376 622 460 praedam
647 374 720 440 sine
745 375 914 462 sanguine
938 375 1065 442 habere
1090 388 1221 462 posset,

169 490 309 542 cruenta
326 477 436 561 spolia
456 478 635 542 detrahere
660 476 798 540 mallet?
843 493 891 540 50.
915 476 992 541 Scis
1017 479 1109 541 hunc
1133 477 1224 541 nihil

170 581 310 652 habere,
330 578 413 641 nihil
432 581 571 654 audere,
588 579 672 642 nihil
689 601 803 664 posse,
822 578 907 641 nihil
925 599 1087 664 umquam
1101 591 1223 642 contra

171 705 240 747 rem
267 692 359 746 tuam
386 682 577 768 cogitasse3
610 694 643 745 et
668 693 781 744 tamen
806 702 989 767 oppugnas
1014 701 1092 744 eum
1116 699 1223 764 quem

138 828 149 864 ξ
174 804 280 870 neque
294 795 446 848 metuere
458 794 566 867 potes,
580 803 692 868 neque
703 782 815 846 odisse
827 781 945 856 debes,
959 781 1221 866 necquicquam

179 883 247 966 jam
278 884 405 948 habere
435 882 555 968 reliqui
584 882 681 946 vides
709 883 800 967 quod
829 882 859 946 ei
889 883 1066 947 detrahere
1096 881 1220 966 possis.

169 983 247 1050 Nisi
276 984 343 1048 hoc
371 983 551 1070 indignum
580 995 692 1068 putas,
722 983 813 1068 quod
844 983 1002 1048 vestitum
1034 983 1153 1048 sedere
1185 982 1222 1046 in

175 1085 305 1172 judicio
328 1083 437 1158 vides,
463 1105 565 1169 quem
587 1095 622 1146 tu
647 1104 665 1146 e
691 1083 893 1167 patrimonio
910 1095 1083 1169 tamquam
1102 1105 1121 1149 e
1137 1105 1223 1148 nau-

82 1251 83 1254 ,
170 1185 282 1272 fragio
299 1185 428 1248 nudum
447 1183 606 1267 expulisti
621 1206 628 1256 ;
652 1182 750 1268 quasi
768 1205 847 1246 vero
865 1185 1000 1248 nescias
1018 1187 1110 1249 hunc
1127 1197 1158 1249 et
1176 1183 1223 1248 ati

125 1303 155 1340 10
171 1297 204 1350 et
227 1283 341 1348 vestiri
366 1305 386 1347 a
411 1282 577 1356 Caecilia,
601 1281 780 1368 [Baliarici
805 1283 888 1356 filia,
908 1283 1052 1369 Nepotis
1069 1282 1217 1372 sorore‚]

172 1383 419 1470 spectatissima
443 1382 582 1458 semina,
607 1403 695 1468 quae
720 1403 798 1446 cum
822 1383 1050 1448 clarissimum
1075 1397 1221 1470 patrem,

173 1483 401 1569 amplissimos
434 1495 583 1566 patruos,
611 1481 863 1546 ornatissimum
896 1483 1034 1548 fratrem
1067 1487 1221 1560 haberet,

171 1597 300 1658 tamen,
326 1604 405 1647 cum
434 1593 523 1646 esset
550 1581 684 1655 mulier,
708 1582 830 1646 virtute
859 1584 999 1667 perfecit
1022 1595 1070 1659 ut,
1096 1597 1224 1670 quanto

173 1686 301 1748 honore
319 1682 393 1767 ipsa
411 1705 454 1745 ex
473 1682 610 1746 illorum
635 1681 802 1768 dignitate
827 1683 1042 1759 adficeretur,
1068 1707 1137 1747 non
1161 1685 1225 1746 mi-

128 1804 157 1856 15
173 1804 256 1848 nora
273 1782 339 1846 illis
356 1794 556 1846 ornamenta
574 1803 617 1844 ex
634 1802 696 1845 sua
713 1782 814 1846 laude
831 1783 999 1847 redderet.

218 1902 266 1946 LI.
292 1899 332 1944 51.
355 1879 413 1944 An
430 1881 521 1966 quod
538 1881 726 1966 diligenter.
744 1881 948 1956 defenditur,
967 1883 1002 1947 id
1025 1883 1084 1947 tibi
1112 1884 1224 1970 indig-

173 2004 254 2046 num
273 1981 405 2045 facinus
421 1979 576 2044 videtur?
623 1979 712 2044 Mihi
730 1982 843 2050 crede,
864 1981 891 2046 si
909 2004 970 2065 pro
995 1983 1098 2066 patris
1123 1983 1224 2070 hujus

175 2081 329 2165 hospitiis
346 2091 379 2144 et
395 2080 505 2166 gratia
522 2081 649 2144 vellent
664 2102 784 2145 omnes
801 2081 902 2168 hujus
920 2083 1069 2166 hospites
1087 2084 1222 2158 adesse,

174 2195 206 2246 et
235 2181 399 2244 auderent
426 2181 532 2243 libere
561 2179 757 2254 defendere,
785 2183 865 2245 satis
893 2182 1030 2266 copiose
1063 2183 1224 2247 defende·

128 2304 159 2340 ιο
175 2293 286 2354 retur3
316 2281 367 2344 sin
394 2294 506 2344 autem
529 2302 590 2364 pro
607 2281 844 2366 magnitudine
861 2281 1018 2368 injuriae,
1039 2305 1167 2369 proque
1184 2305 1223 2346 eo

174 2382 265 2467 quod
291 2401 425 2444 summa
449 2402 503 2444 res
529 2381 665 2465 publica
689 2380 724 2443 in
742 2381 842 2466 hujus
860 2381 1011 2464 periculo
1027 2394 1222 2468 temptatur,

176 2482 262 2544 haec
288 2501 407 2544 omnes
435 2479 662 2554 vindicarent,
690 2481 875 2544 consistere
905 2483 1100 2546 mehercule
1127 2483 1224 2548 vobis

174 2582 237 2646 isto
255 2580 289 2643 in
306 2581 382 2644 loco
399 2602 467 2644 non
485 2581 612 2644 liceret.
654 2579 760 2644 Nunc
776 2580 821 2644 ita
838 2580 1044 2656 defenditur,
1060 2605 1127 2646 non
1141 2604 1224 2648 sane

174 2694 210 2745 ut
236 2681 377 2746 moleste
402 2679 490 2743 serre
513 2679 698 2744 adversarii
723 2681 881 2754 debeant,
909 2703 1019 2767 neque
1044 2693 1080 2745 ut
1105 2705 1142 2747 se
1166 2705 1226 2767 po-

129 2802 160 2856 25
177 2781 279 2846 tentia
296 2779 449 2864 superari
467 2791 595 2863 putent.
644 2796 689 2842 aa.
715 2778 816 2864 Quae
839 2781 930 2844 domi
955 2782 1109 2868 gerenda
1133 2795 1224 2858 sunt,

175 2902 216 2945 ea
234 2902 294 2964 per
307 2878 498 2946 Caeciliam
514 2879 767 2966 transiguntur3
791 2879 853 2943 fori
867 2879 1042 2968 judicique
1059 2883 1225 2948 rationem

175 2981 226 3045 Μ.
247 2979 412 3054 Messala,
431 2991 467 3044 ut
483 2979 616 3053 videtis,
632 2979 779 3066 judices,
798 2981 955 3064 suscepit.
1006 2979 1089 3058 Qui,
1109 2983 1136 3048 si
1153 2983 1224 3071 jam

175 3081 256 3147 satis
277 3081 394 3144 aetatis
415 3091 515 3164 atque
538 3079 667 3144 roboris
688 3081 841 3154 haberet,
864 3080 937 3164 ipse
957 3103 1018 3166 pro
1043 3081 1126 3146 Sex.
1154 3083 1227 3147 Ro-

175 3182 246 3247 scio
270 3181 418 3246 diceret:
445 3179 606 3266 quoniam
633 3180 677 3243 ad
703 3181 887 3245 dicendum
910 3181 1154 3266 impedimento
1176 3193 1226 3248 est

129 3303 162 3356 30
177 3293 271 3347 aetas
289 3292 322 3346 et
338 3281 447 3366 pudor
463 3279 521 3366 qui
537 3289 636 3344 ornat
652 3290 812 3354 aetatem,
827 3301 968 3344 causam
979 3282 1062 3344 mihi
1075 3283 1222 3360 tradidit,

175 3404 278 3471 quem
303 3402 365 3446 sua
390 3401 495 3444 causa
520 3401 646 3464 cupere
671 3400 712 3443 ac
736 3379 862 3444 debere
886 3380 1127 3468 intellegebat3
1152 3384 1225 3468 ipse

177 3483 393 3556 adsiduitate,
413 3480 567 3555 consili0,
587 3479 798 3551 auctoritate,
817 3480 994 3568 diligentia
1020 3483 1171 3566 perfecit,
1191 3494 1226 3549 ut

177 3584 261 3650 Sex·
281 3582 387 3648 Rosci
405 3582 486 3656 vita,
505 3593 621 3664 erepta
638 3581 681 3645 de
705 3580 864 3645 manibus
888 3592 1070 3658 sectorum,
1092 3595 1225 3648 senten·

176 3685 230 3747 tiis
244 3683 398 3768 judicum
417 3681 676 3764 permitteretur.
719 3679 906 3754 Nimirum,
920 3681 1066 3767 judices
1086 3705 1147 3766 pro
1161 3685 1225 3749 hac

130 3799 162 3853 35
179 3781 350 3844 nobilitate
377 3801 456 3862 pars
483 3779 635 3842 maxima
661 3778 804 3841 civitatis
830 3779 864 3840 in
894 3779 997 3843 armis
1029 3781 1110 3855 suit3
1140 3783 1226 3848 haec

179 3892 255 3943 acta
279 3901 332 3942 res
357 3889 420 3950 est,
438 3888 475 3940 ut
498 3878 529 3940 ei
546 3877 677 3940 nobiles
701 3875 956 3940 restituerentur
980 3877 1014 3940 in
1040 3879 1223 3957 civitatem,
