2668 4262
88 189 142 230 XV·
159 177 228 248 40]
264 179 323 245 He
344 180 418 245 aad
438 183 533 264 oflen
557 183 689 270 spared
716 182 883 248 Clodius's
906 183 1002 270 Ltfe.
1097 183 1159 268 185

86 391 232 464 posset,
267 381 300 445 vi
331 403 532 466 oppressam
567 382 738 447 civitatem
778 396 918 448 teneret.
983 382 1099 469 ,Quem
1132 385 1160 450 si

86 481 296 544 interficere
310 483 484 556 voluisset,
499 495 648 568 quantae
660 484 817 569 quotiens
828 485 1042 560 occasiones,
1056 505 1160 571 quarn

85 583 305 664 praeclarae
338 581 493 645 luerunt!
544 582 712 658 Potuitne,
743 605 821 648 cum
847 585 986 649 domurn
1014 605 1054 648 ac
1078 586 1160 649 deos

86 682 239 764 penatis
276 703 357 746 suos
397 684 454 746 illo
493 699 716 770 oppugnante
751 673 966 760 defenderet,
1005 685 1082 773 jure
1123 705 1161 749 se

87 780 247 844 ulcisci?
293 781 462 858 Potuitne,
492 784 558 848 civi
586 786 729 872 egregio
746 799 780 849 et
797 787 869 850 viro
898 786 1092 860 fortissimo,
1118 784 1192 870 P.5

84 880 231 956 Sestio,
250 884 396 970 conlega
413 905 488 960 su0,
507 885 704 950 volnerato?
730 886 899 961 Potuitne,
920 885 973 971 Q
987 885 1158 961 Fabrici0,

85 983 168 1047 viro
199 985 345 1068 optimu,
373 1009 451 1051 cunr
478 988 521 1052 de
545 989 655 1052 reditu
679 1011 754 1053 meo
776 990 890 1076 legem
911 989 1024 1062 ferret,
1047 989 1158 1073 pulso,

85 1084 343 1149 crudelissima
359 1087 394 1150 in
412 1089 484 1152 foro
501 1089 607 1154 caede
624 1087 737 1152 facta?
768 1087 937 1163 Potuitne,
953 1089 995 1153 L.
1012 1087 1158 1164 Caecili,

83 1183 280 1270 justissimi
313 1188 553 1275 fortissimique
586 1189 763 1274 praetoris,
797 1202 997 1278 oppugnata
1036 1187 1160 1254 domo?

88 1282 263 1350 Potuitne
280 1287 338 1372 illo
354 1289 422 1364 die,
441 1312 520 1354 cum
537 1303 588 1354 est
607 1291 675 1354 lata
700 1291 756 1354 lex
780 1291 823 1354 de
848 1312 924 1365 me;
956 1311 1035 1354 curn
1060 1290 1160 1355 totius
1180 1324 1211 1366 10

88 1384 225 1451 Italiae
258 1409 457 1465 concursus,
485 1413 587 1476 quem
621 1405 698 1454 mea
729 1392 823 1455 salus
854 1391 1052 1465 concitarat,
1081 1390 1161 1454 facti

88 1486 193 1552 illius
220 1489 366 1576 gloriam
392 1492 501 1555 libens
524 1491 734 1578 agnovisset,
759 1503 807 1564 ut,
831 1491 933 1554 etiarn
957 1491 985 1555 si
1010 1491 1044 1556 id
1074 1489 1160 1554 Milo

90 1588 254 1663 fecisset,
271 1606 393 1654 cuncta
410 1592 530 1656 civitas
546 1613 622 1654 eam
641 1591 777 1654 laudem
796 1613 857 1675 pro
873 1613 936 1656 sua
949 1588 1161 1656 vindicaret?

141 1709 212 1753 xv.
239 1707 287 1754 39.
311 1691 358 1755 At
376 1691 467 1778 quod
490 1703 562 1755 erat
583 1689 741 1775 tempus?
787 1688 1008 1756 Clarissimus
1034 1705 1067 1756 et
1094 1692 1161 1755 for·

90 1789 256 1856 tissimus
280 1795 412 1866 consul,
433 1791 592 1855 inimicus
613 1783 750 1864 Clodio,
772 1790 831 1877 [P.
852 1791 1052 1880 Lentulus]
1073 1793 1161 1855 ultor
1181 1816 1210 1870 15

92 1893 245 1958 sceleris
270 1893 381 1966 illius,
409 1903 642 1978 propugnator
673 1903 824 1966 senatuS,
844 1892 1003 1956 defensor
1027 1903 1159 1956 vestrae

92 1993 300 2068 voluntatis,
317 2007 478 2078 patronus
496 1992 622 2076 publici
639 2011 840 2066 consensus,
859 1993 1028 2056 restitutor
1040 1991 1160 2056 salutis

95 2114 225 2166 meae;
265 2107 394 2178 septem
428 2104 613 2177 praetores
646 2105 722 2156 octo
753 2092 878 2155 tribuni
911 2093 1036 2177 plebei,
1070 2093 1160 2157 illius

95 2193 306 2267 adversarii,
335 2193 532 2258 defensores
561 2193 648 2265 mei3
673 2190 741 2256 Cn.
770 2191 967 2277 Pompeius,
986 2206 1104 2258 auctor
1127 2203 1161 2257 et

96 2293 175 2357 dux
194 2295 260 2358 mei
279 2293 417 2368 reditus,
437 2293 527 2356 illius
545 2293 660 2366 hostis
681 2293 778 2379 cujus
793 2293 997 2359 sententiam
1022 2306 1159 2358 senatus
1177 2310 1212 2348 20

100 2393 258 2483 [omnis]
283 2397 326 2459 de
351 2397 459 2458 salute
481 2414 557 2456 mea
581 2393 822 2480 gravissimam
851 2405 884 2456 et
906 2395 1159 2458 ornatissimam

98 2507 240 2560 secutus
258 2509 320 2569 est,
334 2495 392 2580 qui
411 2495 575 2579 populum
593 2493 792 2557 Romanum
809 2506 859 2557 est
875 2495 1083 2568 cohortatus,
1101 2493 1159 2580 qui

98 2615 182 2659 cum
212 2597 258 2660 de'
283 2618 336 2660 me
363 2595 538 2659 decretum
567 2593 710 2678 Capuae
738 2593 886 2668 fecisset,
914 2593 986 2679 ipse
1014 2609 1159 2660 cunctae
1248 2635 1254 2642 -

99 2693 224 2760 ltaliae
241 2697 391 2782 cupienti
407 2708 441 2759 et
456 2694 530 2782 ejus
551 2694 655 2758 fidem
680 2693 873 2778 imploranti
890 2695 1027 2782 signum
1050 2695 1156 2769 dedit,

98 2809 137 2858 ut
157 2797 201 2860 ad
219 2819 272 2861 me
290 2797 533 2861 restituendum
552 2793 701 2859 Romam
719 2807 979 2869 concurrerent;
1004 2796 1158 2860 omniurn
1177 2802 1209 2858 2⁵

101 2895 252 2982 denique
273 2897 307 2961 in
330 2897 429 2960 'illurn
446 2896 526 2961 odia
551 2895 676 2960 civium
701 2897 867 2959 ardebant
883 2895 1052 2960 desiderio
1076 2896 1155 2971 mei,

100 3015 205 3081 quern
223 2999 365 3086 quitum
383 2996 620 3068 interemisset,
634 3017 701 3059 non
719 2997 761 3060 de
779 2995 977 3080 impunitate
994 2995 1080 3084 ejus
1096 2996 1157 3060 sed

101 3097 146 3160 de
161 3099 321 3182 praemiis
338 3098 555 3185 cogitaretur.
604 3113 652 3160 ιο.
676 3097 809 3161 Tamen
824 3119 860 3161 se
879 3096 965 3162 Milo
976 3097 1154 3172 continuit,

102 3209 137 3261 et
153 3197 192 3262 P.
212 3197 372 3263 Clodium
392 3200 425 3262 in
439 3199 606 3285 judicium
624 3199 688 3272 bis,
704 3198 748 3261 ad
765 3199 833 3260 vim
850 3220 1037 3284 numquam
1055 3219 1156 3262 voca·

103 3297 162 3360 vit.
200 3295 317 3382 Quid?
341 3298 471 3382 privato
484 3295 615 3362 Milone
627 3310 659 3362 et
670 3319 726 3361 reo
740 3297 784 3360 ad
798 3299 960 3382 populum
973 3309 1155 3362 accusante
1176 3302 1211 3356 30

37 3451 39 3454 .
104 3392 145 3458 Ρ.
161 3395 296 3472 Clodio,
311 3399 390 3462 curn
407 3397 440 3460 in
457 3395 525 3461 Cn.
541 3395 744 3482 Pompeium
762 3417 823 3481 pro
837 3396 968 3462 Milone
985 3399 1155 3462 dicentem

105 3493 250 3580 impetus
275 3497 384 3560 factus
407 3509 469 3571 est,
491 3518 580 3582 quae
605 3509 676 3560 tum
703 3519 771 3561 non
798 3498 899 3561 modo
926 3497 1075 3573 occasi0,
1094 3497 1154 3562 sed

105 3595 205 3658 etiarn
223 3615 327 3660 causa
343 3596 433 3660 illius
457 3596 672 3681 opprimendi
697 3593 778 3660 fuitt
826 3595 947 3682 Nuper
970 3617 1051 3661 vero
1076 3618 1154 3661 cum

107 3691 157 3757 M.
186 3693 358 3760 Antonius
389 3717 558 3760 summam
587 3717 683 3780 spem
716 3694 834 3760 salutis
865 3697 964 3761 bonis
994 3698 1154 3761 omnibus

106 3796 280 3871 attulisset,
300 3795 827 3882 gravissimamqueadulescens
850 3796 1080 3861 nobilissimus
1105 3795 1153 3860 rei
1175 3797 1209 3854 35

107 3895 262 3979 publicae
293 3907 424 3982 partem
457 3895 638 3959 fortissime
669 3895 885 3980 suscepisset,
919 3908 1020 3982 atque
1058 3897 1151 3960 illam
