2716 4266
94 229 150 269 v11·
171 217 228 288 π]
282 215 377 282 How
405 214 524 282 Coesar
545 215 608 280 tas
632 214 718 280 used
737 214 791 280 his
825 212 976 303 Vr'ctory.
1083 229 1146 298 227

92 440 180 484 vero
211 417 366 493 crimine,
394 417 529 492 suroris,
560 414 720 502 parricidi
752 415 853 480 liceat
884 415 953 482 Cn.
982 417 1149 504 Pompeio

94 529 244 594 mortue,
263 519 363 582 liceat
385 518 499 581 multis
519 517 594 580 aliis
611 537 743 580 carere.
793 514 944 599 Qando
969 519 1034 583 hoc
1058 519 1149 605 quis-

93 641 201 706 quam
220 631 325 693 exte,
343 617 487 692 Caesar,
506 615 656 682 audivit?
689 627 747 680 aut
770 629 826 680 tua
844 618 926 702 quid
943 619 1035 682 aliud
1054 638 1149 683 arma

93 720 291 791 voluerunt,
310 719 373 782 nisi
401 739 420 780 a
446 728 478 781 te
507 717 750 781 contumeliam
783 717 1006 802 propulsare?
1054 717 1149 803 Quid

95 820 171 906 egit
193 832 270 883 tuus
295 817 440 882 invictus
460 818 643 890 exercituS,
663 817 727 880 nisi
747 828 783 881 ut
802 838 901 880 suum
922 817 978 904 jus
1001 830 1153 887 tueretur¹
1170 839 1184 894 ς

94 933 132 984 et
156 919 356 1006 dignitatem
374 915 489 982 tuam?
537 914 655 1002 Quid?
687 927 735 991 tu,
755 939 833 982 cum
852 938 974 1002 pacem
992 938 1067 983 esse
1092 939 1150 982 cu-

93 1018 231 1104 piebas,
249 1017 329 1082 idne
354 1017 497 1104 agebas,
517 1030 553 1082 ut
568 1016 627 1082 tibi
645 1036 722 1081 cum
741 1017 928 1091 sceleratis,
948 1038 992 1082 an
1011 1028 1048 1081 ut
1071 1039 1150 1082 cum

93 1117 197 1183 bonis
219 1117 350 1182 civibus
367 1115 584 1182 conveniret?
630 1134 672 1182 ts.
704 1115 793 1182 Mihi
817 1139 911 1192 ver0,
929 1115 1075 1192 Caesar,
1093 1129 1151 1181 tua

91 1220 134 1284 in
152 1239 207 1282 me
226 1217 376 1282 maxima
392 1217 513 1282 merita
529 1229 624 1282 tanta
641 1231 732 1284 certe
746 1240 813 1284 non
827 1217 1036 1292 viderentur,
1051 1218 1078 1282 si
1096 1237 1151 1282 me
1244 1268 1256 1287 .

88 1331 136 1384 ut
159 1317 360 1383 sceleratum
379 1338 399 1382 a
415 1329 447 1382 te
467 1331 706 1388 conservatum
730 1335 896 1405 putarem.
945 1316 1025 1401 Qto
1050 1317 1151 1383 modo
1172 1347 1204 1388 ro

94 1431 213 1484 autem
239 1429 275 1484 tu
301 1418 344 1483 de
372 1440 408 1483 re
434 1419 572 1504 publica
597 1420 685 1486 bene
712 1420 851 1485 meritus
877 1440 984 1493 esses,
1002 1439 1081 1483 curn
1105 1429 1152 1482 tot

96 1519 285 1585 sceleratos
317 1519 479 1585 incolumi
505 1520 671 1608 dignitate
695 1541 771 1585 esse
795 1517 983 1584 voluisses?
1029 1517 1153 1584 Seces-

97 1621 231 1685 sionem
272 1633 307 1684 tu
346 1619 441 1684 illam
481 1620 731 1695 existimavisti,
763 1618 908 1693 Caesar,
941 1619 1152 1694 initio,-non

97 1722 251 1794 bellum3
286 1741 396 1807 neque
423 1721 544 1785 hostile
575 1723 705 1795 odium,
735 1721 797 1786 sed
828 1721 928 1786 civile
954 1719 1148 1795 discidium,

98 1822 253 1908 utrisque
274 1821 488 1906 cupientibus
504 1843 576 1886 rem
594 1822 767 1907 publicam
785 1823 930 1890 salvam.
949 1822 1010 1886 sed
1028 1821 1149 1905 partim
1174 1839 1203 1895 ¹5

100 1922 264 1996 consiliis,
289 1922 411 2006 partim
436 1922 556 1987 studiis
580 1943 599 1985 a
625 1922 797 1987 communi
821 1923 962 1987 utilitate
991 1924 1152 1987 aberran-

99 2021 204 2088 tibus.
262 2021 460 2107 Principum
490 2022 640 2109 dignitas
667 2035 739 2087 erat
763 2043 873 2108 paene
897 2044 972 2108 par,
996 2046 1064 2089 non
1089 2045 1152 2108 par

100 2123 245 2189 sortasse
277 2143 394 2188 eorum
427 2123 484 2208 qui
514 2123 763 2208 sequebantur:
796 2144 901 2188 causa
929 2135 1001 2188 tum
1032 2124 1149 2198 dubia,

92 2225 194 2311 quod
210 2235 283 2288 erat
299 2223 427 2310 aliquid
444 2223 477 2286 in
490 2235 633 2309 utraque
647 2235 742 2309 parte
755 2225 845 2309 quod
864 2219 999 2309 probari
1017 2237 1151 2308 possen

100 2345 194 2389 nunc
217 2324 337 2388 melior
360 2345 401 2388 ea
423 2323 610 2411 judicanda
627 2337 689 2398 est,
708 2345 812 2410 quam
830 2325 930 2389 etiam
954 2325 987 2391 di
1013 2326 1151 2413 adjuve-
1170 2331 1205 2370 20

100 2436 192 2490 runt.
257 2422 407 2512 Cognita
439 2446 520 2488 vero
553 2424 733 2488 clementia
766 2435 835 2496 tua,
864 2426 940 2512 quis
974 2449 1042 2491 non
1075 2448 1151 2492 eam

100 2524 278 2591 victoriam
304 2526 434 2609 probet,
454 2525 487 2587 in
505 2545 571 2610 qua
587 2524 750 2589 occiderit
766 2545 867 2590 nemo
892 2527 955 2590 nisi
981 2525 1153 2591 armatus?

148 2647 210 2691 vn.
232 2643 282 2690 2⁰.
305 2625 477 2691 Sed-ut
489 2625 641 2688 omittam
659 2646 875 2690 communem
893 2647 1046 2698 causam,
1059 2626 1153 2690 veni-

101 2749 202 2792 amus
229 2729 271 2792 ad
297 2735 626 2792 nostram-utrum
653 2727 791 2789 tandem
820 2727 995 2792 existimas
1019 2727 1153 2792 facilius

50 2859 53 2866 ·
100 2829 221 2901 fuisse,
244 2828 397 2902 Tuber0,
428 2825 608 2912 Ligarium
633 2846 677 2889 ex
701 2825 820 2890 Africa
845 2827 951 2900 exire,
971 2849 1093 2892 auvos
1118 2828 1151 2890 in
1172 2825 1204 2882 ²5

100 2929 259 2994 Africam
284 2950 351 2993 non
377 2925 516 2993 venire?
564 2924 858 3001 ‘Poteramusne,’
882 2927 1028 3012 inquies,
1052 2939 1153 2990 ‘cum

102 3041 243 3093 senatus
282 3025 511 3093 censuisset?'
557 3025 595 3091 Si
631 3047 685 3090 me
718 3027 879 3099 consulis,
914 3027 1008 3091 nullo
1041 3027 1152 3091 modu.

102 3128 175 3194 Sed
206 3140 322 3194 tamen
354 3126 534 3214 Ligarium
568 3138 704 3190 senatus
737 3125 826 3189 idem
856 3128 1043 3212 legaverat.
1092 3124 1153 3191 At-

102 3249 170 3314 que
197 3229 255 3292 ille
282 3249 323 3292 eo
350 3239 503 3311 tempore
528 3226 649 3310 paruit,
679 3246 756 3289 cum
785 3246 905 3308 parere
930 3225 1155 3290 senatuine·

102 3349 201 3393 cesse
225 3339 318 3392 erat:
351 3349 411 3392 vos
435 3339 516 3391 tunc
542 3325 712 3410 paruistiS,
732 3346 809 3388 cum
835 3325 945 3410 paruit
970 3347 1072 3389 nemo
1096 3326 1153 3412 qui
1173 3329 1207 3382 30

103 3429 224 3493 noluit.
273 3427 505 3512 Reprehendo
540 3424 664 3512 igitur?
711 3424 857 3488 Minime
888 3446 982 3489 vero.
1031 3425 1154 3512 Neque

104 3530 196 3592 enim
236 3528 329 3593 licuit
368 3527 464 3591 aliter
495 3537 606 3590 vestro
645 3525 777 3612 generi,
812 3524 955 3597 nomini,
988 3525 1153 3600 familiae,

105 3628 318 3713 disciplinae.
368 3625 439 3691 Sed
460 3627 525 3690 hoc
557 3647 625 3689 non
650 3625 815 3696 concedo,
834 3635 881 3697 ut,
906 3625 1029 3710 quibus
1053 3627 1155 3690 rebus

104 3728 298 3815 gloriemini
334 3727 368 3791 in
399 3726 509 3800 vobis,
529 3725 669 3790 easdem
709 3722 743 3786 in
776 3723 850 3787 aliis
883 3726 1152 3809 reprehendatis

104 3848 146 3896 21.
177 3827 371 3895 Tuberonis
400 3847 472 3890 sors
500 3825 655 3912 conjecta
681 3835 731 3887 est
749 3844 793 3886 ex
822 3836 959 3888 senatus
986 3825 1153 3900 consulto,
1172 3832 1205 3887 35

106 3931 271 4015 cumipse
288 3948 357 3992 non
375 3925 521 4000 adesset,
542 3925 659 3987 morbo
677 3923 778 3986 etiam
797 3921 1029 4007 impediretur.
1078 3923 1156 3989 Sta·
