2714 4266
205 179 251 262 5⁶
431 167 609 270 Pompey’s
632 181 799 270 llsa'lr'tary
829 181 1029 249 Command.
1124 183 1266 253 [Manu.

206 384 347 468 patriuS,
362 384 567 450 celeritatem
583 384 810 472 persequendi
827 384 1026 450 retardaret.
1076 383 1137 450 Sic
1154 384 1266 450 Mith-
1337 401 1338 412 ¹

206 483 331 549 ridates
348 484 485 572 fugiens
503 487 690 549 maximam
708 485 776 549 vim
802 486 876 548 auri
901 499 1002 572 atque
1027 487 1161 572 argenti
1186 489 1263 572 pul·

206 585 393 648 cherrimar
397 607 521 671 umque
546 608 659 649 rerum
684 587 850 660 omnium,
870 607 956 672 quas
981 599 1014 650 et
1034 609 1053 649 a
1075 587 1264 674 majoribus

206 698 387 769 acceperat
402 698 435 749 et
451 686 524 771 ipse
541 687 631 750 bello
646 687 823 798 superiore
841 709 884 750 ex
905 698 973 750 tota
998 687 1084 752 Asia
1109 688 1264 772 direptas
1337 679 1338 752 l

175 816 189 871 5
206 784 240 847 in
257 807 357 848 suurn
374 800 520 873 regnum
537 767 770 874 congesserat,
786 787 820 850 in
838 785 946 850 Ponto
959 809 1096 852 omnem
1110 788 1260 901 reliquit.

207 883 307 950 Haec
323 886 403 950 dum
422 886 526 951 nostri
544 887 721 972 conligunt
737 885 854 952 omnia
870 886 1081 974 diligentium
1100 910 1163 952 rex
1187 887 1263 974 ipse

206 1004 226 1048 e
258 986 415 1050 manibus
446 985 579 1073 effugit.
629 985 680 1050 Ita
712 987 809 1050 illum
836 985 872 1052 in
897 989 1123 1075 persequendi
1149 989 1264 1054 studio

207 1105 354 1161 maeror,
373 1087 436 1152 hos
452 1086 579 1152 laetitia
595 1086 752 1151 tardavit.
800 1103 848 1152 2³.
873 1087 1032 1152 Huncin
1056 1089 1115 1154 illo
1139 1090 1263 1154 timore

206 1195 240 1248 et
263 1185 345 1272 fuga
369 1185 543 1273 Tigranes
566 1208 628 1252 rex
654 1186 841 1254 Armenius
865 1189 1012 1273 excepit,
1034 1189 1264 1254 diffidentem·

160 1315 190 1351 ιο
206 1306 273 1372 que
289 1288 391 1352 rebus
407 1288 477 1352 suis
501 1287 728 1362 confirmavit,
749 1302 782 1353 et
806 1288 980 1354 adflictum
1005 1289 1125 1364 erexit,
1148 1292 1263 1374 perdi·

206 1396 346 1472 tumque
369 1389 546 1452 recreavit.
596 1386 706 1476 Cujus
730 1388 764 1451 in
784 1410 929 1476 regnum
950 1401 1068 1474 postea
1088 1410 1191 1475 quam
1214 1389 1259 1454 L.

206 1484 374 1552 Lucullus
391 1509 468 1551 cum
487 1488 638 1552 exercitu
656 1489 760 1564 venit,
780 1490 894 1574 plures
912 1491 1014 1552 etiam
1033 1501 1154 1576 gentes
1179 1511 1262 1556 con·

205 1597 258 1652 tra
283 1586 521 1672 imperatorem
546 1601 699 1654 nostrum
719 1589 910 1654 concitatae
930 1601 1017 1652 sunt.
1066 1589 1151 1654 Erat
1168 1591 1261 1655 enim

206 1699 317 1752 metus
337 1688 480 1776 injectus
500 1689 550 1754 eis
571 1689 778 1763 nationibus,
796 1709 883 1775 quas
904 1711 1090 1775 numquam
1112 1692 1261 1775 populus

159 1814 189 1868 15
207 1787 388 1853 Romanus
412 1810 523 1875 neque
547 1789 769 1854 lacessendas
793 1789 883 1854 bello
908 1810 1018 1874 neque
1043 1791 1261 1874 temptandas

206 1889 357 1974 putavit:
382 1900 453 1953 erat
468 1889 571 1953 etiam
589 1889 655 1952 alia
674 1889 789 1975 gravis
807 1902 908 1974 atque
925 1890 1112 1952 vehemens
1128 1889 1260 1974 opini0,

206 2009 296 2074 quae
313 1988 445 2054 animos
462 1989 616 2074 gentium
638 1989 862 2053 barbararum
888 2000 1097 2072 pervaserat,
1116 1988 1186 2052 sani
1213 1991 1262 2053 lo-

207 2088 427 2172 cupletissimi
441 2101 474 2154 et
486 2088 734 2176 religiosissimi
751 2088 933 2172 diripiendi
948 2109 1053 2152 causa
1066 2087 1100 2151 in
1112 2110 1171 2153 eas
1180 2111 1261 2153 oras

206 2199 359 2252 nostrum
383 2211 458 2254 esse
481 2189 668 2252 exercitum
686 2189 884 2254 adductum.
935 2187 985 2251 lta
1003 2189 1156 2253 nationes
1175 2190 1262 2254 mul-

157 2313 190 2352 ae
205 2298 262 2353 tae
279 2299 379 2374 atque
397 2309 545 2374 magnae
562 2311 651 2353 novo
671 2289 820 2374 quodam
846 2300 972 2353 terrore
998 2309 1039 2352 ac
1064 2301 1155 2352 metu
1179 2310 1261 2353 con-

207 2388 409 2454 citabantur.
458 2387 584 2452 Noster
600 2400 713 2454 antem
731 2389 913 2463 exercituS,
929 2388 1061 2456 tametsi
1079 2390 1197 2453 urbem
1217 2411 1261 2454 ex

206 2488 352 2574 Tigrani
370 2510 478 2575 regno
496 2498 645 2572 ceperat,
664 2500 697 2553 et
720 2489 858 2574 proeliis
882 2511 965 2552 usus
989 2501 1061 2552 erat
1085 2489 1259 2564 secundiS,

206 2599 321 2655 tamen
345 2589 451 2652 nimia
475 2588 723 2675 longinquitate
749 2589 901 2653 locorum
926 2609 968 2653 ac
992 2589 1162 2654 desiderio
1182 2611 1260 2654 suo·

206 2711 282 2754 rum
307 2690 597 2762 commovebatur.
617 2685 643 2782 51¹

159 2814 188 2863 ες
250 2806 298 2854 2⁴.
324 2790 392 2852 Hic
411 2789 482 2876 jam
508 2790 606 2874 plura
631 2812 699 2854 non
717 2789 843 2855 dicam.
894 2790 973 2854 Fuit
989 2790 1080 2854 enim
1098 2790 1183 2855 illud
1200 2813 1260 2856 ex-

206 2902 365 2964 tremum,
393 2901 429 2952 ut
460 2912 504 2952 ex
535 2890 584 2953 eis
616 2890 699 2954 locis
732 2911 751 2953 a
784 2890 946 2954 militibus
978 2891 1099 2955 nostris
1131 2892 1259 2956 reditus

207 2991 319 3078 magis
351 3002 503 3054 maturus
534 3011 637 3076 quarn
667 2991 840 3074 processio
865 2991 1000 3076 longior
1023 3003 1255 3077 quaereretur.

206 3091 424 3155 Mithridates
438 3101 550 3153 autem
565 3102 598 3153 et
610 3111 707 3153 suam
724 3112 862 3154 manum
873 3092 945 3178 jam
960 3092 1190 3167 confirmarat,
1207 3091 1258 3178 [et

206 3191 341 3278 eorum]
363 3190 420 3275 qui
437 3213 473 3254 se
490 3211 533 3254 ex
550 3189 657 3274 ipsius
677 3211 785 3277 regno
809 3193 1045 3278 conlegerant,
1064 3204 1097 3256 et
1120 3193 1257 3278 magnis
1337 3209 1338 3214 ’

158 3315 190 3363 30
207 3291 407 3356 adventiciis
424 3290 561 3354 auxiliis
578 3291 759 3354 multorum
777 3312 898 3378 regum
917 3303 950 3355 et
965 3292 1139 3356 nationum
1157 3291 1258 3380 juva·

206 3392 316 3456 batur.
361 3390 440 3476 Jam
474 3391 539 3454 hoc
566 3389 637 3453 sere
665 3390 715 3454 sic
743 3390 815 3454 fieri
844 3392 954 3456 solere
983 3392 1194 3508 accepimus,
1222 3406 1257 3458 ut

206 3512 328 3578 regum
354 3491 511 3555 adflictae
536 3490 690 3555 fortunae
713 3489 813 3554 facile
834 3469 1049 3556 multorum
1036 3481 1118 3576 op'e's'
1120 3484 1256 3559 adlici·
1337 3479 1338 3578 l

207 3604 265 3655 ant
278 3591 322 3655 ad
339 3591 620 3664 misericordiam,
636 3589 853 3675 maximeque
871 3612 989 3654 eorum
1006 3593 1063 3677 qui
1081 3605 1139 3657 aut
1155 3615 1254 3682 reges

207 3702 285 3754 sunt
301 3702 359 3753 aut
374 3690 492 3752 vivunt
507 3689 541 3750 in
558 3711 679 3773 regno,
694 3699 731 3750 ut
747 3687 796 3751 eis
814 3711 937 3753 nomen
956 3693 1073 3777 regale
1091 3714 1252 3781 magnum

47 3849 64 3866 κ
159 3813 189 3862 35
207 3801 240 3851 et
270 3801 425 3851 sanctum
457 3808 532 3849 esse
560 3788 725 3850 videatur.
773 3803 819 3848 25.
844 3787 963 3873 Itaque
990 3803 1120 3856 tanturn
1148 3795 1253 3858 victus

208 3886 343 3950 efficere
359 3886 478 3969 potuit,
497 3896 663 3970 quantum
679 3884 860 3949 incolumis
877 3908 1063 3973 numquam
1082 3901 1133 3956 est
1151 3912 1253 3958 ausus
1337 3907 1338 3972 l
