2668 4262
90 222 120 264 ¹1·
138 211 180 282 4]
278 214 349 280 The
377 216 523 282 crowd:
557 219 614 284 the
635 218 803 306 Mlitary
831 217 969 284 Guard.
1081 233 1141 304 171

87 413 211 480 timore
229 416 411 500 possimus.
462 416 564 505 Quae
585 419 612 484 si
639 418 795 504 opposita
822 417 945 483 Miloni
972 432 1141 505 putarem,

88 516 247 580 cederem
264 519 421 602 tempori,
436 519 584 607 judices,
604 540 668 584 nec
685 521 772 584 inter
788 532 918 584 tantam
938 521 1006 586 vim
1033 543 1143 587 armo·

87 636 162 678 rum
180 616 410 682 existimarem
428 641 502 683 esse
519 619 643 684 oratori
661 620 788 684 locum.
837 619 908 685 Sed
934 643 988 686 me
1013 635 1144 687 recreat

86 725 119 778 et
141 717 252 780 reficit
274 716 338 782 Cn.
362 717 518 805 Pompei,
543 719 783 804 sapientissimi
809 730 842 784 et
862 720 1040 808 justissimi
1064 723 1141 796 viri,

86 816 282 890 consilium,
300 817 358 905 qui
375 819 526 904 prolecto
543 841 608 884 nec
620 820 770 908 justitiae
788 841 871 888 suae
896 833 1029 906 putaret
1053 845 1141 897 esse,
1160 851 1175 905 ς

85 936 188 1001 quem
207 940 303 982 reum
321 920 494 985 sententiis
507 921 662 1009 judicum
679 921 886 994 tradidisset,
905 923 1051 987 eundem
1069 925 1144 988 telis

86 1017 232 1082 militurn
257 1021 396 1095 dedere,
424 1041 489 1086 nec
513 1021 714 1108 sapientiae,
742 1023 967 1088 temeritatem
995 1023 1144 1088 concita·

84 1127 139 1182 tae
158 1119 383 1185 multitudinis
400 1123 596 1190 auctoritate
617 1123 756 1208 publica
779 1143 926 1188 armare.
974 1137 1002 1186 a.
1027 1123 1143 1206 Qum

85 1218 130 1282 ob
147 1241 222 1283 rem
240 1220 298 1284 illa
316 1242 424 1296 arma,
443 1223 672 1299 centuriones
692 1225 850 1288 cohortes
868 1243 936 1288 non
954 1224 1143 1308 periculum

85 1319 200 1395 nobis,
227 1321 288 1386 sed
319 1323 528 1406 praesidium
560 1323 782 1396 denuntiant3
826 1343 939 1410 neque
970 1325 1081 1388 solum
1108 1336 1145 1388 ut
1163 1361 1194 1399 10

85 1419 216 1503 quiet0,
237 1421 298 1486 sed
322 1423 424 1486 etiam
449 1434 486 1487 ut
509 1445 638 1510 magno
667 1423 782 1488 animo
810 1422 917 1487 simus
946 1424 1143 1496 hortantum

86 1540 200 1606 neque
226 1522 392 1586 auxilium
417 1524 519 1588 modo
543 1523 732 1588 defensioni
759 1545 870 1594 meae,
894 1545 1012 1586 verum
1042 1523 1144 1588 etiam
1203 1526 1205 1529 ’

87 1620 260 1686 silentium
289 1623 502 1709 pollicentur.
552 1624 702 1710 Reliqua
729 1645 811 1687 vero
840 1623 1031 1698 multitud0,
1056 1643 1144 1709 quae

86 1721 228 1805 quidem
246 1735 296 1788 est
312 1723 450 1797 civium,
469 1735 536 1789 tota
554 1737 668 1788 nostra
685 1735 756 1796 est3
782 1744 894 1809 neque
911 1745 1029 1788 eorum
1054 1723 1145 1810 quis·

86 1843 207 1906 quam,
233 1845 318 1910 quos
342 1825 493 1910 undique
517 1825 690 1898 intuentis,
715 1824 808 1888 unde
832 1823 948 1909 aliqua
974 1823 1036 1887 sori
1066 1843 1144 1907 pars
1162 1853 1193 1907 ις

88 1922 197 2008 aspici
235 1935 356 2008 potest,
390 1936 422 2008 et
461 1925 562 2012 hujus
600 1925 727 1988 exitum
763 1922 871 2012 judici
915 1923 1146 2009 exspectantis

86 2022 225 2096 videtiS,
257 2045 326 2087 non
361 2045 440 2088 cum
475 2024 587 2088 virtuti
616 2023 758 2088 Milonis
790 2025 893 2097 lavet,
920 2035 991 2086 tum
1021 2024 1064 2087 de
1093 2044 1143 2098 se,

87 2122 129 2186 de
162 2123 279 2186 liberis
307 2123 389 2198 suis,
406 2124 460 2188 'de
492 2124 613 2208 patria,
647 2125 690 2188 de
721 2123 864 2187 fortunis
895 2122 1061 2188 hodierno
1089 2124 1145 2188 die

87 2222 255 2287 decertari
281 2235 386 2309 putat.

132 2341 170 2386 11.
197 2323 314 2388 Unum
347 2344 458 2410 genus
485 2335 536 2388 est
563 2324 746 2388 adversum
773 2323 1003 2409 infestumque
1032 2323 1142 2398 nobis,
1160 2345 1194 2385 20

87 2443 208 2488 eorum
223 2445 309 2509 quos
326 2421 366 2487 P.
382 2422 483 2488 Clodi
500 2423 593 2487 suror
609 2423 737 2507 rapinis
754 2433 787 2487 et
802 2423 970 2487 incendiis
987 2433 1020 2486 et
1035 2423 1144 2487 omni-

85 2521 151 2588 bus
169 2523 281 2587 exitiis
298 2523 442 2607 publicis
459 2523 572 2608 pavit:
598 2523 656 2608 qui
673 2523 833 2587 hesterna
858 2523 961 2586 etiarn
987 2523 1144 2588 contione

86 2620 218 2687 incitati
239 2635 330 2698 sunt,
350 2634 387 2687 ut
405 2623 502 2688 vobis
523 2643 607 2688 voce
632 2623 803 2707 praeirent
826 2622 908 2708 quid
929 2622 1142 2710 judicaretis.

89 2721 249 2806 Quorum
266 2724 396 2787 clamor
412 2724 440 2788 si
456 2723 513 2809 qui
532 2723 615 2788 sorte
632 2723 744 2797 fuerit,
761 2723 946 2786 admonere
962 2745 1024 2787 vos
1040 2724 1144 2788 debe·

86 2821 147 2898 bit,
172 2835 209 2887 ut
235 2844 314 2887 eum
338 2823 449 2887 civem
474 2823 656 2898 retineatis,
681 2823 738 2908 qui
763 2843 900 2907 semper
923 2844 1035 2910 genus
1058 2823 1143 2888 illud
1160 2838 1192 2894 25

88 2923 267 2988 hominum
283 2923 519 3010 clamoresque
536 2923 706 2988 maximos
723 2944 805 3007 prae
822 2934 935 2988 vestra
955 2924 1064 2988 salute
1083 2945 1143 2988 nc·

88 3024 209 3110 glexit.
257 3037 285 3084 4.
347 3045 426 3086 nam
454 3025 497 3088 ob
525 3045 597 3088 rem
626 3024 742 3088 adeste
771 3021 907 3097 animis,
931 3023 1080 3111 judiceS,
1110 3035 1142 3088 et

87 3123 241 3190 timorem
259 3123 405 3211 siquem
423 3123 555 3189 habetis
572 3123 742 3209 deponite.
778 3122 963 3188 Nam—si
976 3145 1141 3210 umquam

87 3225 131 3289 de
141 3225 240 3290 bonis
250 3236 283 3289 et
292 3224 434 3290 sortibus
445 3224 538 3299 viriS,
551 3223 579 3289 si
590 3245 753 3309 umquam
764 3223 807 3288 de
821 3224 908 3288 bene
920 3224 1048 3288 meritis
1059 3223 1141 3288 civi-

87 3323 151 3390 bus
167 3336 316 3410 potestas
333 3323 464 3412 [vobis]
482 3323 658 3412 judicandi
676 3325 749 3399 suit,
765 3324 793 3388 si
810 3323 958 3410 denique
975 3344 1138 3410 umquam
1158 3335 1193 3388 30

88 3425 182 3491 loeus
200 3424 487 3510 amplissimorum
504 3424 663 3490 ordinum
680 3424 821 3490 delectis
844 3424 926 3489 viris
950 3427 1050 3488 datus
1074 3435 1137 3499 est,

88 3539 123 3590 ut
141 3548 203 3591 sua
222 3526 334 3591 studia
354 3547 437 3614 erga
457 3525 551 3590 sortis
572 3536 604 3590 et
627 3526 736 3590 bonos
760 3525 858 3600 civis,
877 3546 965 3612 quae
990 3525 1081 3590 voltu
1106 3536 1139 3589 et

87 3627 198 3692 verbis
222 3647 326 3712 saepe
348 3626 612 3714 significassent,
631 3647 667 3691 re
684 3638 717 3691 et
732 3625 907 3690 sententiis
924 3625 1139 3691 declararent

88 3729 205 3792 -lioc
229 3727 380 3812 prolecto
403 3739 555 3812 ternpore
579 3747 656 3790 eam
684 3737 883 3810 potestatem
911 3747 1048 3790 omnem
1076 3745 1138 3788 vos

88 3825 230 3902 habetis,
255 3839 292 3892 ut
322 3825 475 3892 statuatis
505 3837 619 3891 utrum
651 3847 725 3900 nos,
751 3826 809 3912 qui
841 3847 978 3910 semper
1004 3835 1137 3888 vestrae
1159 3832 1193 3888 3⁵

89 3928 274 3994 auctoritati
291 3927 394 3992 dediti
411 3927 550 4001 fuimus,
569 3945 705 4010 semper
724 3925 839 3990 miseri
862 3925 1057 4012 lugeamus,
1076 3945 1135 3998 an,
