2668 4262
112 231 162 273 vu.
181 219 234 290 m]
328 220 389 288 No
413 222 563 309 Perrulty
581 227 650 290 'can
676 225 715 289 bc
737 234 792 290 too
817 221 957 290 Severe.
1096 245 1161 316 129

110 421 268 488 statuisse
291 422 507 488 videamini:
545 426 649 492 multo
682 426 793 514 magis
825 438 876 490 est
899 429 1088 494 verendum
1116 449 1160 496 ne

109 523 311 588 remissione
335 545 467 608 poenae
492 526 649 590 crudeles
673 527 709 590 in
734 526 891 612 patriam,
910 550 1013 614 quam
1041 551 1083 594 ne
1107 553 1160 595 se·

108 623 250 688 veritate
279 625 586 690 animadversionis
619 627 720 691 nimis
745 629 964 696 vehementes
998 631 1031 694 in
1067 651 1160 696 acer·

107 720 268 788 bissimos
294 725 411 799 hostis,
429 725 542 790 luisse
568 727 756 792 videamur.

130 851 136 888 ι
156 843 223 888 vlu·
242 840 284 891 14·
303 824 379 890 ⁴Sed
397 845 543 910 eaquae
567 829 728 891 exaudio.
750 842 862 913 putres
880 831 1074 916 conscripti,
1093 832 1160 896 dis·
1196 855 1209 908 5

106 925 272 992 simulare
297 947 365 990 non
399 947 551 1010 possum.
612 927 792 1014 Jaciuntur
815 931 907 996 enirn
932 954 1045 1005 voces,
1072 953 1160 1018 quae

35 1060 45 1078 ι
106 1027 313 1113 perveniunt
335 1026 378 1092 ud
405 1026 497 1091 auris
524 1048 769 1102 incessurum
795 1031 853 1118 qui
880 1032 987 1096 vereri
1006 1033 1162 1097 videntur

38 1125 46 1143 ¹
106 1139 146 1192 ut
175 1128 321 1192 habeam
347 1129 428 1194 satis
453 1128 602 1213 praesidi
634 1132 678 1194 ad
703 1151 858 1218 eaquae
887 1154 947 1197 vos
979 1133 1161 1197 statueritis

106 1229 277 1295 hodierno
293 1230 348 1294 die
364 1229 602 1316 transigenda.
647 1231 775 1296 Omnia
791 1245 824 1296 et
840 1234 976 1317 provisa
993 1246 1025 1296 et
1042 1244 1161 1317 parata

107 1341 144 1394 et
160 1330 339 1394 constituta
362 1341 453 1404 sunt,
472 1343 586 1415 patres
612 1331 808 1417 conscripti,
827 1353 907 1397 cum
933 1353 1009 1396 mea
1026 1352 1161 1396 summa
1180 1355 1208 1390 10

108 1451 193 1494 cura
210 1442 312 1517 atque
328 1430 522 1519 diligentia,
540 1441 610 1494 tum
638 1433 743 1496 multo
769 1434 871 1496 etium
899 1433 1027 1520 majore
1045 1431 1161 1517 populi

109 1529 262 1596 Romani
303 1531 347 1596 ad
379 1548 551 1596 summurn
585 1530 766 1616 imperium
799 1533 1012 1596 retinendum
1050 1545 1084 1598 et
1118 1531 1161 1596 ad

109 1632 303 1697 communis
328 1630 481 1696 fortunas
507 1634 761 1697 conservandas
787 1633 971 1697 voluntate.
1031 1631 1162 1696 Omnes

110 1731 236 1796 adsunt
259 1732 413 1796 omnium
439 1731 600 1797 ordinum
633 1733 801 1806 homines,
829 1733 981 1797 omnium
1015 1732 1162 1818 denique

110 1844 270 1897 aetatum:
295 1834 436 1917 plenum
462 1846 514 1896 est
537 1831 662 1902 sorum,
682 1832 782 1916 plena
808 1833 935 1916 templa
960 1831 1088 1896 circum
1115 1830 1163 1894 t‘o·
1179 1854 1209 1898 rs

109 1953 200 2005 rum,
219 1932 310 2016 pleni
332 1953 454 1997 omnes
478 1933 590 1996 aditus
607 1933 708 2018 hujus
725 1932 842 2016 templi
860 1953 901 1995 ac
919 1932 996 1996 loci.
1047 1930 1162 1995 Causa

108 2045 162 2098 est
185 2032 276 2097 enirn
301 2045 377 2118 post
400 2033 519 2097 urbem
546 2033 717 2096 conditam
745 2033 831 2095 haec
856 2032 992 2094 inventa
1017 2033 1103 2102 sola,
1128 2031 1161 2093 in
1205 2105 1210 2123 ,

109 2153 179 2220 qua
206 2155 327 2198 omnes
343 2133 516 2224 ¹seruirent
543 2155 649 2199 unum
679 2144 781 2218 atque
809 2132 914 2204 idem,
944 2145 1076 2216 praeter
1104 2152 1162 2194 eos
1185 2117 1237 2180 (ἕω
1261 2139 1268 2154 ⁴·
1305 2159 1318 2188 «-

109 2233 181 2320 qui,
201 2255 279 2299 cum
308 2232 372 2298 sibi
389 2233 543 2297 viderent
559 2253 635 2296 esse
665 2232 891 2316 pereundum,
904 2252 988 2296 cum
1005 2232 1162 2295 omnibus
1205 2185 1241 2260 G
1259 2193 1268 2223 r

110 2333 222 2419 potius
253 2355 357 2421 quarn
389 2333 452 2398 soli
484 2332 595 2419 perire
619 2335 815 2395 uoluerunt.
877 2348 917 2393 15.
954 2329 1067 2394 llosce
1096 2352 1163 2416 ego
1177 2354 1207 2390 20

111 2435 268 2500 homines
285 2433 419 2518 excipio
443 2443 477 2497 et
498 2453 639 2497 secerno
666 2432 820 2504 libenter,
840 2453 949 2516 neque
978 2430 1010 2493 in
1038 2431 1163 2514 impro-

108 2536 231 2600 borum
248 2534 387 2607 civium,
404 2533 467 2598 sed
489 2533 524 2596 in
542 2532 838 2596 acerbissimorum
857 2532 1001 2594 hostium
1021 2551 1163 2593 numero

109 2637 291 2702 habendos
306 2648 400 2720 puto.
450 2631 564 2714 Ceteri
582 2653 675 2705 ver0,
694 2631 728 2695 di
756 2629 986 2695 immortales!
1012 2651 1079 2715 qua
1098 2629 1163 2695 fre.-

108 2738 262 2824 quentia,
276 2759 345 2824 quo
361 2736 485 2801 studio.
501 2754 569 2819 qua
582 2733 703 2796 virtute
721 2731 764 2794 ad
782 2751 1000 2794 communem
1017 2733 1161 2794 satutem

109 2839 379 2926 dignitatemque
396 2831 636 2900 consentiuntl
674 2830 768 2914 Quid
787 2852 853 2917 ego
871 2832 926 2894 iric
943 2830 1073 2915 equites
1091 2829 1163 2894 Ro·
1177 2855 1208 2908 25

110 2959 232 3004 manos
258 2933 546 3003 commemorem?
570 2933 627 3020 qui
646 2933 741 2995 vobis
767 2933 812 2994 ita
836 2951 1006 2993 summam
1034 2929 1162 2993 ordinis

109 3039 299 3125 consilique
316 3037 519 3108 concedunt,
539 3048 574 3098 ut
591 3033 767 3097 vobiscum
793 3031 835 3094 de
853 3051 969 3093 amore
986 3029 1034 3092 rei
1053 3029 1163 3113 publi-

110 3161 173 3205 cae
191 3151 339 3212 certent3
371 3157 458 3224 quos
482 3157 524 3200 ex
550 3135 731 3197 multorum
757 3152 923 3195 annorum
950 3130 1162 3194 dissensione

111 3241 213 3328 hujus
236 3239 364 3305 ordinis
389 3239 432 3301 ad
458 3236 654 3301 societatem
681 3231 969 3316 concordiamque
986 3243 1162 3294 revocatos

112 3340 297 3406 hodiernus
313 3338 387 3403 dies
403 3333 578 3402 vobiscum
604 3347 705 3419 atque
724 3335 810 3397 haec
835 3351 940 3396 causa
964 3330 1161 3418 conjungit:
1176 3355 1207 3405 30

110 3462 214 3529 quam
230 3441 258 3506 si
277 3437 566 3526 conjunctionem,
579 3434 613 3498 in
627 3434 806 3498 consulatu
820 3432 1055 3496 confirmatam
1071 3452 1160 3504 me0‚

111 3553 312 3627 perpetuam
336 3539 370 3602 in
394 3560 432 3601 re
459 3536 596 3621 publica
628 3533 850 3605 tenuerimus
878 3533 1042 3596 confirmo
1067 3530 1162 3594 vobis

111 3641 242 3705 nullum
261 3640 403 3725 posthac
428 3638 555 3700 malum
574 3635 672 3698 civile
691 3654 731 3697 ac
752 3634 976 3697 domesticum
996 3632 1038 3694 ad
1056 3631 1160 3694 ullam

111 3743 158 3806 rei
178 3742 334 3826 publicae
353 3750 482 3823 purtem
499 3757 574 3799 esse
591 3747 783 3798 venturum.
820 3732 898 3795 Pari
917 3733 1027 3796 studio
1045 3730 1161 3795 desen-

112 3842 249 3907 dundae
262 3839 310 3903 rei
328 3838 485 3924 publicae
502 3834 704 3899 convenisse
717 3834 817 3896 video
830 3831 982 3895 tribunos
996 3831 1159 3902 aerarios,
1179 3853 1208 3904 35

112 3941 312 4020 fortissimos
339 3939 449 4010 viros3
482 3934 612 4000 scribas
640 3933 720 3995 item
749 3932 940 4004 universos
967 3953 1054 4016 quos
1082 3951 1157 3994 curr

628 4057 645 4102 9
