2714 4266
900 1 966 9 w--rw-
991 3 993 6 .

105 195 197 264 ¹¹13]
272 195 466 262 Character
488 196 564 261 and
582 195 719 262 Motr‘ve
741 195 790 279 os
802 194 859 260 the
889 193 924 260 T
919 193 1002 258 rial.
1121 211 1160 280 25

191 397 296 464 UOD
328 407 401 462 erat
431 397 620 482 optandum
652 395 816 471 maxime,
839 395 985 482 judices,
1012 406 1045 461 et
1070 395 1162 482 quod

239 520 345 564 unum
371 497 415 562 ad
443 497 609 562 invidiam
632 497 735 562 vestri
761 496 888 561 ordinis
916 495 1162 581 infamiamque

109 601 317 688 judiciorum
357 597 546 663 sedandam
588 597 738 660 maxime
778 596 980 681 pertinebat,
1020 596 1055 660 id
1093 617 1161 660 non

104 703 258 767 humano
289 699 446 773 consili0‚
476 700 538 762 sed
569 719 676 782 prope
709 697 869 761 divinitus
907 697 1022 760 datum
1060 707 1160 781 atque

103 804 257 866 oblatum
282 802 381 866 vobis
414 820 550 864 summo
583 797 630 861 rei
663 796 821 882 publicae
846 808 998 880 tempore
1015 795 1158 858 videtur.
1190 819 1207 875 ς

104 901 313 966 Inveteravit
336 901 426 966 enim
448 901 521 987 jam
547 897 662 982 opinio
687 896 878 982 perniciosa
906 896 955 960 rel
987 895 1158 980 publicae,

102 1001 269 1088 vobisque
302 1001 506 1087 periculosa,
533 1019 622 1085 quae
654 1019 722 1061 non
753 998 854 1062 modo
878 989 1159 1082 apud'populum

103 1102 319 1176 Romanum,
337 1102 397 1166 sed
415 1101 517 1165 etiam
543 1099 636 1184 apud
661 1111 796 1164 exteras
821 1098 988 1171 nationes,
1007 1095 1160 1162 omnium

102 1223 263 1268 sermone
300 1201 529 1286 percrebruit=
556 1199 609 1265 his
642 1199 781 1287 judiciis
818 1219 907 1286 quae
944 1217 1037 1262 nunc
1067 1207 1158 1271 sunt,

102 1302 329 1387 pecuniosum
370 1303 556 1376 hominem,
595 1301 753 1387 quamvis
791 1299 835 1366 sit
872 1319 1013 1373 nocens,
1053 1297 1160 1363 nemi·
1175 1321 1206 1359 ιο

102 1425 182 1468 nem
221 1423 322 1487 posse
360 1402 530 1466 damnari.
578 1415 607 1462 2.
631 1401 749 1477 Nu'nc,
781 1401 816 1465 in
853 1400 928 1486 ipso
963 1398 1159 1464 discrimine

101 1503 232 1569 ordinis
252 1502 527 1589 judiciorumque
544 1514 746 1576 vestrorum,
773 1523 852 1566 curn
877 1501 944 1566 sint
968 1499 1076 1586 parati
1101 1497 1159 1584 qui

101 1603 317 1669 contionibus
341 1614 374 1667 et
397 1602 532 1688 legibus
557 1604 649 1668 hanc
672 1601 837 1667 invidiam
863 1613 1001 1668 senatus
1025 1598 1159 1664 inflam-

102 1725 199 1768 mare
215 1715 393 1777 conentur,
423 1701 537 1790 [reus]
566 1703 600 1766 in
621 1703 789 1791 judicium
817 1703 985 1768 adductus
1013 1712 1063 1766 est
1095 1698 1156 1787 [C.

100 1804 266 1892 Verres],
293 1805 395 1868 homo
419 1803 488 1867 vita
520 1816 621 1890 atque
645 1804 743 1868 factis
767 1804 920 1867 omniurn
948 1803 1021 1891 jam
1049 1800 1158 1886 opini-
1175 1823 1204 1874 ¹5

100 1926 169 1969 one
191 1905 386 1976 damnatus,
406 1904 572 1989 pecuniae
596 1903 832 1992 magnitudine
854 1924 917 1968 sua
935 1925 995 1988 spe
1012 1911 1044 1966 et
1060 1921 1158 1987 prae·

100 2003 273 2069 dicatione
290 2005 477 2068 absolutus.

151 2103 243 2168 Huic
266 2125 332 2191 ego
356 2125 496 2177 causae,
511 2102 657 2192 judices,
677 2125 755 2168 cum
778 2125 912 2169 summa
930 2103 1103 2168 voluntate
1125 2111 1159 2166 et

102 2204 358 2289 exspectatione
383 2204 498 2288 populi
525 2204 690 2279 Romani,
715 2217 809 2269 actor
844 2204 988 2276 accessi,
1018 2224 1085 2268 non
1122 2213 1157 2266 ut

101 2326 268 2392 augerem
296 2304 460 2368 invidiam
485 2304 626 2379 ordinis,
652 2305 714 2370 sed
738 2317 774 2368 ut
797 2304 959 2369 infamiae
983 2302 1204 2369 communire

20 2481 22 2486 ,
101 2425 351 2470 succurrerem.
400 2403 542 2468 Adduxi
568 2405 659 2469 enim
684 2405 871 2479 hominem,
890 2405 925 2468 in
949 2426 1017 2491 quo
1038 2425 1157 2470 recon-

31 2529 34 2536 ·
101 2506 220 2572 ciliare
245 2505 532 2570 existimationem
553 2505 760 2593 judiciorum
786 2505 962 2578 amissam,
987 2505 1097 2568 redire
1121 2503 1156 2568 in

102 2607 249 2694 gratiam
283 2624 360 2668 cum
394 2605 522 2689 populo
553 2606 728 2681 Romano,
762 2606 843 2669 satis
880 2604 994 2670 lacere
1032 2605 1156 2670 exteris

101 2707 310 2779 nationibus
331 2705 495 2791 possetis3
521 2706 796 2790 depeculatorem
818 2707 940 2780 aerari,
958 2719 1156 2770 vexatorem

100 2809 210 2874 Asiae
235 2819 336 2894 atque
358 2806 600 2892 Pamphyliae,
619 2808 829 2892 praedonem
848 2806 935 2895 juris
955 2807 1089 2880 urbani,
1107 2807 1200 2875 la·²5

100 2911 180 2974 bem
199 2920 299 2993 atque
318 2907 504 2992 perniciem
522 2906 719 2991 provinciae
732 2906 885 2972 Siciliae.
925 2920 953 2966 3.
977 2907 1030 2972 De
1044 2929 1110 2993 quo
1127 2905 1155 2972 si

100 3031 164 3073 vos
180 3030 260 3072 vere
278 3027 319 3072 ac
338 3007 499 3094 religiose
519 3007 764 3095 judicaveritis,
789 3007 972 3072 auctoritas
993 3030 1048 3080 ea,
1067 3030 1156 3094 quae

102 3110 138 3174 in
156 3109 251 3174 vobis
267 3127 446 3172 remanere
467 3107 580 3182 debet,
600 3107 772 3181 haerebit3
803 3108 854 3172 sin
879 3108 974 3172 istius
998 3109 1155 3196 ingentes

103 3209 241 3275 divitiae
261 3208 469 3297 judiciorum
493 3207 696 3295 religionem
713 3207 957 3294 veritatemque
982 3210 1156 3298 perfrege-

104 3312 182 3384 rint,
206 3331 272 3397 ego
298 3309 363 3374 hoc
386 3321 501 3372 tamen
526 3308 708 3394 adsequar,
733 3320 768 3372 ut
787 3309 954 3395 judicium
979 3310 1090 3394 potius
1105 3315 1155 3376 rei
1170 3325 1202 3375 30

104 3411 275 3496 publicae,
294 3431 397 3495 quam
416 3421 474 3473 aut
494 3431 573 3474 reus
592 3409 778 3497 judicibuS,
799 3422 856 3475 aut
879 3423 1058 3476 accusator
1081 3433 1154 3488 reo,

104 3512 252 3577 defuisse
268 3511 435 3575 videatur.

149 3631 187 3676 11.
215 3610 397 3698 Equidem,
416 3621 453 3674 ut
474 3611 516 3675 de
540 3631 594 3674 me
617 3611 791 3686 confitear,
807 3610 953 3698 judices,
973 3633 1051 3678 cum
1068 3613 1154 3678 mul·

103 3724 157 3778 tae
169 3712 258 3788 ⁸milri
276 3734 295 3776 a
313 3711 356 3779 C.
374 3711 483 3775 Verre
502 3711 644 3776 insidiae
661 3724 750 3776 terra
772 3712 923 3798 marique
941 3713 1051 3778 factae
1074 3714 1152 3788 sint,

103 3833 189 3900 quas
214 3813 335 3897 partim
361 3833 438 3876 mea
463 3811 640 3899 diligentia
664 3813 855 3887 devitarim,
881 3817 1001 3898 partim
1027 3814 1154 3878 amico·
1170 3821 1202 3875 35

104 3935 179 3979 rum
211 3913 323 3979 studio
353 3913 533 3999 officioque
570 3912 774 3998 repulerim3
815 3934 1001 3996 numquam
1039 3923 1153 3979 tamen
