2716 4266
550 130 639 197 Plea
649 133 723 218 sor
744 131 930 218 Ligarius.
1148 127 1260 200 [LlGlR
1315 209 1316 256 1

217 331 353 396 veniam
371 331 656 418 impetravissent.
692 351 721 398 2.
742 332 861 398 Habes
879 331 995 420 igitur,
1009 330 1166 406 Tuber0,
1181 333 1259 418 quod

218 443 268 495 est
291 433 480 496 accusatori
505 433 654 519 maxime
680 434 882 519 optandum,
910 432 1129 497 confitentem
1156 453 1260 503 reum;
1315 513 1316 518 ἵ

218 531 278 594 sed
304 545 417 594 tamen
436 531 501 594 hoc
526 532 756 608 confitentem,
776 555 812 597 se
837 533 930 596 inea
955 545 1048 616 parte
1074 533 1182 598 fuisse
1205 553 1261 618 qua

218 643 263 704 te,
281 651 348 715 qua
366 630 476 706 virum
493 631 585 695 omni
603 632 705 698 laude
723 634 881 720 dignum,
901 645 1031 717 patrem
1053 645 1165 698 tuum.
1206 632 1262 696 lta·
1315 635 1316 640 ’

168 746 182 801 ς
218 751 284 816 que
311 730 404 814 prius
425 731 467 794 de
490 745 602 795 vestro
628 733 752 806 delicto
780 733 1011 796 confiteamini
1037 755 1183 798 necesse
1208 746 1261 805 est,

219 850 321 916 quam
339 829 460 918 Ligari
478 831 584 894 ullam
602 834 740 917 culpam
758 833 1027 917 reprehendatis·

265 929 318 1012 Q
342 930 433 994 enim
461 929 637 1018 Ligarius,
657 953 734 996 cum
765 945 854 998 esset
881 934 976 997 nulla
1004 933 1086 997 belli
1115 932 1263 1017 suspitia,
1314 929 1316 952 ⁴

219 1031 353 1118 legatus
378 1030 413 1093 in
438 1028 592 1094 Africam
622 1031 737 1121 [cum]
758 1032 801 1098 C.
821 1031 986 1098 Considio
1010 1032 1186 1118 profectus
1209 1043 1263 1095 est.
1315 1033 1316 1088 ἶ

220 1127 301 1215 Qua
319 1130 353 1194 in
371 1130 543 1218 legatione
561 1144 593 1196 et
610 1133 740 1198 civibus
758 1145 790 1198 et
806 1133 907 1199 sociis
926 1133 970 1198 ita
988 1155 1023 1198 se
1048 1133 1219 1218 probavit,
1236 1143 1267 1195 ut
1315 1105 1316 1198 l

171 1257 203 1297 ro
219 1231 391 1296 decedens
417 1230 603 1298 Considius
630 1232 806 1318 provincia
831 1233 1050 1298 satisfacere
1076 1232 1267 1298 hominibus
1315 1233 1316 1296 l

220 1352 287 1394 non
305 1344 432 1417 posset,
451 1331 478 1396 si
503 1354 711 1420 quemquam
737 1334 842 1398 alium
868 1332 1063 1418 provinciae
1089 1332 1267 1417 praefecis-

219 1442 281 1494 set.
332 1430 450 1517 ltaque
474 1431 651 1519 Ligarius
676 1455 755 1498 cum
780 1434 838 1498 diu
863 1455 1026 1498 recusans
1051 1433 1139 1496 nihil
1165 1431 1242 1519 prol
1256 1465 1268 1478 ·

220 1531 333 1606 cisset,
351 1531 564 1616 provinciam
581 1535 715 1620 accepit
734 1533 880 1598 invitus:
912 1533 968 1598 cui
992 1533 1041 1598 sic
1066 1531 1217 1617 praefuit
1237 1531 1266 1594 in
1315 1587 1316 1590 ,

220 1652 318 1715 pace,
338 1645 374 1695 ut
397 1645 430 1696 et
453 1633 585 1698 civibus
608 1648 641 1699 et
665 1635 766 1699 sociis
791 1633 984 1720 gratissima
1009 1645 1098 1698 esset
1124 1633 1201 1721 ejus
1224 1631 1267 1695 in·

171 1749 200 1806 ¹5
219 1731 359 1818 tegritas
385 1753 425 1796 ac
449 1733 547 1797 fides.
594 1745 622 1792 ³.
646 1733 781 1797 Bellum
807 1733 917 1798 subito
936 1733 1075 1808 exarsit,
1097 1733 1194 1819 quod
1216 1730 1266 1817 qui
1315 1793 1316 1818 ,

220 1842 317 1896 erant
332 1831 366 1895 in
384 1830 504 1896 Africa
522 1845 599 1897 ante
616 1835 797 1897 audierunt
814 1834 887 1919 geri
903 1854 1007 1918 quam
1025 1832 1156 1917 parari.
1195 1829 1266 1916 Qu
1315 1823 1316 1910 l

221 1931 348 2008 audito,
375 1933 496 2017 partim
522 1932 706 2018 cupiditate
731 1933 995 2006 inconsiderata,
1017 1931 1143 2016 partim
1171 1951 1265 1996 caeco
1315 1923 1316 1954 ¹

220 2033 369 2119 quodam
398 2033 518 2097 timore
551 2034 659 2118 primo
692 2033 823 2108 salutis,
847 2043 923 2117 post
954 2032 1057 2096 etiam
1089 2031 1184 2096 studi
1209 2030 1263 2103 sui,

220 2135 430 2219 quaerebant
462 2133 609 2219 aliquem
642 2133 786 2207 ducem3
820 2153 897 2196 cum
924 2129 1099 2218 Ligarius,
1131 2133 1265 2196 domum
1315 2183 1316 2188 ,

168 2245 391 2320 2ospectans,
416 2234 460 2299 ad
492 2256 572 2298 suos
603 2234 714 2298 redire
746 2233 900 2318 cupiens,
922 2233 1017 2296 nullo
1041 2252 1077 2296 se
1102 2229 1265 2318 implicari
1315 2277 1316 2310 3

220 2335 357 2421 negotio
389 2356 511 2420 passus
544 2344 604 2398 est.
662 2333 800 2398 Interim
834 2331 873 2396 P.
908 2331 1022 2398 Attius
1054 2329 1186 2407 Varus,
1215 2329 1265 2418 qui
1315 2357 1316 2360 ¹

219 2447 354 2520 praetor
377 2434 531 2500 Africam
556 2433 759 2507 obtinuerat,
786 2432 924 2498 Uticam
948 2431 1051 2496 venit.
1101 2427 1162 2495 Ad
1194 2450 1264 2495 eum

219 2536 328 2600 statim
362 2555 567 2600 concursum
599 2545 660 2598 est.
709 2531 824 2619 Atque
848 2532 906 2598 ille
930 2553 998 2596 non
1025 2529 1190 2596 mediocri
1214 2551 1265 2595 cu-

218 2635 357 2720 piditate
382 2635 529 2722 adripuit
552 2633 747 2719 imperium,
765 2670 810 2682 —
826 2632 853 2696 si
878 2632 962 2697 illud
986 2629 1170 2716 imperium
1197 2650 1264 2694 esse

167 2746 201 2802 25
218 2738 337 2821 potuit,
355 2737 446 2823 quod
471 2736 515 2801 ad
540 2734 710 2818 privatum
735 2732 885 2798 clamore
910 2729 1136 2796 multitudinis
1161 2731 1264 2816 impe·

217 2838 313 2912 ritae,
341 2838 434 2903 nullo
466 2837 603 2922 publico
636 2834 791 2910 consili0,
819 2833 1045 2899 deferebatur.
1094 2848 1122 2895 a.
1147 2830 1261 2916 Itaque

217 2935 391 3024 Ligarius,
419 2938 477 3024 qui
502 2957 604 3001 omne
627 2935 696 3000 tale
727 2933 903 3022 negotium
933 2943 1073 3018 cuperet
1097 2931 1261 3022 effugere,

216 3038 357 3121 paulum
382 3038 531 3102 adventu
555 3035 641 3101 Vari
664 3033 871 3122 conquievit.

261 3156 299 3200 11.
324 3135 463 3210 Adhuc,
497 3135 540 3201 C.
574 3135 719 3210 Caesar,
757 3133 811 3221 Q
836 3132 1000 3221 Ligarius
1035 3132 1127 3198 omni
1164 3131 1261 3218 culpa

166 3250 202 3306 30
215 3248 327 3301 vacat.
392 3236 505 3301 Domo
536 3248 587 3300 est
618 3257 777 3323 egressus
809 3256 879 3300 non
913 3233 1014 3298 modo
1050 3234 1182 3299 nullum
1219 3229 1259 3295 ad

217 3338 357 3414 bellum,
374 3338 434 3400 sed
451 3358 494 3401 ne
512 3336 556 3401 ad
573 3335 750 3400 minimam
766 3336 904 3422 quidem
922 3332 1146 3417 suspitionem
1162 3330 1257 3398 belli:

217 3436 351 3523 legatus
368 3436 402 3499 in
420 3456 505 3519 pace
523 3435 693 3520 profectus
710 3447 781 3500 est:
800 3436 834 3498 in
853 3433 1028 3519 provincia
1045 3431 1257 3519 pacatissima

217 3537 262 3600 ita
285 3557 320 3601 se
341 3535 460 3622 gessit,
487 3547 524 3600 ut
550 3535 582 3600 ei
607 3555 728 3620 pacem
755 3556 830 3599 esse
859 3535 1047 3619 expediret.
1098 3531 1257 3598 Profectio

217 3647 307 3698 certe
332 3635 485 3697 animum
510 3645 604 3698 tuum
626 3655 694 3697 non
711 3633 812 3698 debet
828 3633 1024 3699 offendere:
1057 3655 1140 3698 num
1164 3631 1256 3718 igitur

166 3745 199 3799 35
218 3731 410 3796 remansio?
458 3731 570 3795 Multo
587 3732 710 3796 minus.
760 3730 853 3796 Nam
878 3733 1041 3816 profectio
1057 3734 1256 3798 voluntatem

219 3832 336 3895 habuit
360 3851 428 3894 non
455 3841 602 3913 turpem,
624 3830 795 3895 remansio
818 3833 1054 3896 necessitatem
1078 3834 1182 3898 etiam
1206 3833 1257 3896 ho-
1315 3915 1316 3920 ἵ
