2714 4266
200 241 244 308 44
480 219 739 309 Impeaclement
763 223 811 307 os
836 219 972 285 Verres.
1091 216 1204 287 [VERR·
1225 217 1257 269 V·
1337 209 1338 216 '

244 437 271 482 a.
296 422 425 488 Urbem
463 421 655 509 Syracusas
692 422 877 486 maximam
915 445 989 487 esse
1022 421 1255 494 Graecarum,

200 525 466 609 pulcherrimam
491 523 643 586 omnium
669 544 772 607 saepe
802 524 954 588 audistis.
1004 521 1077 596 Est,
1101 521 1254 610 judices,

199 627 245 689 ita
270 637 305 688 ut
330 625 462 688 dicitur.
513 623 605 688 Nam
632 635 664 688 et
687 624 751 687 situ
778 636 827 687 est
852 645 930 686 cum
957 625 1087 686 munito
1111 635 1182 686 tum
1210 611 1255 685 erc

199 726 292 788 omni
311 726 416 801 aditu,
436 726 488 788 vel
507 738 595 788 terra
612 725 667 788 vel
686 725 783 800 mari,
803 727 981 810 praeclaro
999 727 1041 789 ad
1060 737 1252 808 aspectum,
1337 739 1338 794 g

169 855 182 907 5
200 837 232 888 et
250 839 364 910 portus
383 827 485 890 habet
502 846 607 910 prope
623 825 658 888 in
677 825 913 889 aedificatione
930 837 1140 911 aspectuque
1158 824 1253 886 urbis
1337 805 1338 870 l

199 924 370 989 inclusos:
407 926 464 1012 qui
494 947 571 989 cum
600 925 753 990 diversos
778 925 864 989 inter
888 947 925 989 se
950 925 1061 988 aditus
1087 924 1251 998 habeant,
1337 941 1338 944 ’

198 1024 234 1087 in
254 1025 347 1088 exitu
368 1026 622 1114 conjunguntur
643 1037 675 1089 et
696 1025 883 1090 confluunt.
934 1024 1061 1089 Eorum
1087 1023 1254 1111 conjunc·

198 1125 289 1189 tione
307 1147 386 1210 pars
402 1126 532 1210 oppidi,
551 1147 639 1212 quae
657 1126 849 1211 appellatur
866 1125 996 1200 Insula,
1017 1124 1100 1188 mari
1117 1124 1254 1212 dijunc-

198 1234 232 1288 ta
251 1239 409 1313 angusm,
429 1238 530 1310 ponte
548 1247 664 1289 rursus
683 1225 880 1312 adjungitur
896 1238 928 1289 et
944 1225 1146 1289 continetur.

153 1357 183 1391 ιο
244 1344 321 1390 L111.
347 1340 375 1386 4.
399 1326 450 1390 Ea
476 1337 568 1390 tanta
597 1338 648 1390 est
675 1327 769 1398 urbs,
796 1339 831 1390 ut
858 1348 903 1390 ex
927 1337 1085 1412 quattuor
1109 1325 1252 1388 urbibus
1337 1325 1338 1332 '

198 1426 359 1490 maximis
379 1437 534 1491 constare
557 1427 710 1490 dicatur:
742 1447 887 1512 quarum
913 1447 980 1490 una
1005 1439 1056 1490 est
1079 1447 1120 1490 ea
1145 1447 1250 1511 quam

198 1526 269 1590 dixi
288 1525 417 1601 Insula,
436 1548 524 1613 quae
542 1528 674 1592 duobus
691 1527 854 1612 portubus
871 1527 995 1600 cincta,
1014 1527 1049 1590 in
1074 1526 1250 1612 utriusque

197 1639 314 1712 portus
342 1628 464 1692 ostium
490 1627 687 1715 aditumque
712 1629 863 1716 projecta
887 1640 950 1701 est,
974 1627 1009 1692 in
1033 1650 1101 1715 qua
1126 1628 1250 1691 domus

198 1740 261 1801 est,
279 1750 368 1814 quae
387 1728 548 1793 Hieronis
565 1729 657 1816 regis
674 1729 748 1802 fuit,
767 1750 834 1814 qua
855 1741 1028 1813 praetores
1052 1729 1099 1792 uti
1124 1729 1246 1793 solent.
1337 1719 1338 1766 ἶ

151 1827 239 1907 15In
267 1851 308 1892 ea
336 1842 414 1893 sunt
442 1829 545 1893 aedes
575 1850 693 1893 sacrae
724 1830 930 1912 complures,
957 1829 1018 1894 sed
1046 1831 1135 1894 duae
1159 1849 1249 1916 quae

198 1930 301 2015 longe
334 1929 455 1993 ceteris
490 1930 716 1993 antecellant:
758 1927 905 2003 Dianae,
940 1940 972 1992 et
1007 1930 1126 2005 altera,
1159 1949 1249 2016 quae
1337 2005 1338 2010 η

198 2028 259 2092 suit
283 2042 360 2092 ante
386 2029 480 2092 istius
506 2030 689 2093 adventum
712 2028 943 2102 ornatissima,
965 2027 1156 2093 Minervae.
1208 2029 1248 2093 ln

198 2129 264 2192 hac
283 2129 395 2192 insula
415 2143 567 2192 extrema
589 2141 639 2193 est
662 2129 738 2193 fons
763 2150 873 2215 aquae
898 2129 1020 2200 dulcis,
1043 2129 1097 2193 cui
1121 2151 1248 2194 nomen

197 2227 370 2292 Arethusa
387 2241 449 2301 est,
468 2229 658 2293 incredibili
677 2229 926 2316 magnitudine,
946 2229 1163 2313 plenissimus
1180 2230 1249 2314 pis-

150 2329 301 2402 zoelum,
327 2327 521 2415 quilfluctu
553 2341 640 2393 totus
672 2329 874 2414 operiretur,
897 2328 962 2394 nisi
993 2330 1178 2394 munitione
1206 2351 1249 2394 ac
1337 2333 1338 2402 ζ

198 2431 286 2493 mole
312 2430 463 2515 lapidum
490 2429 661 2517 dijunctus
685 2443 775 2494 esset
798 2451 818 2494 a
844 2431 942 2493 mari.
990 2445 1016 2492 5.
1041 2429 1159 2494 Altera
1188 2450 1249 2494 au·
1337 2463 1338 2506 3

196 2542 264 2594 tem
281 2542 331 2593 est
349 2530 429 2593 urbs
446 2529 642 2616 Syracusis
663 2531 716 2594 cui
740 2551 865 2594 nomen
883 2529 1084 2594 Achradina
1109 2541 1179 2596 est:
1212 2531 1247 2594 in
1337 2537 1338 2588 l

196 2651 263 2716 qua
289 2630 398 2695 forum
425 2630 626 2702 maximum,
646 2630 899 2714 pulcherrimae
923 2631 1085 2716 porticuS,
1104 2631 1247 2695 ornatis-

197 2731 319 2795 simum
345 2731 554 2816 prytanium,
580 2729 791 2814 amplissima
816 2743 867 2794 est
890 2730 986 2793 curia
1014 2731 1247 2817 templumque
1337 2723 1338 2734 ¹

148 2855 179 2904 25
197 2831 375 2918 egregium
389 2830 485 2915 Jovis
503 2829 656 2915 Olympii
675 2841 878 2916 ceteraeque
894 2830 988 2894 urbis
1012 2831 1138 2916 parteS,
1157 2853 1246 2917 quae

196 2953 264 2995 una
293 2931 347 2993 via
376 2931 444 2993 lata
473 2941 636 3015 perpetua
670 2930 851 3016 multisque
882 2931 1085 2995 transversis
1116 2932 1246 2995 divisae

195 3031 334 3117 privatis
355 3029 520 3095 aedificiis
540 3030 765 3093 continentur.
814 3030 931 3094 Tertia
957 3043 1006 3095 est
1030 3033 1123 3107 urbm
1142 3054 1243 3117 quae,

195 3133 286 3218 quod
310 3131 344 3195 in
370 3152 409 3194 ea
436 3141 530 3215 parte
555 3129 727 3193 Fortunae
750 3129 867 3193 fanum
888 3132 1064 3217 antiquum
1082 3131 1155 3205 fuit,
1173 3131 1246 3218 Ty·
1337 3149 1338 3166 l

139 3229 148 3246 ⁹
195 3234 261 3296 cha
279 3231 452 3296 nominata
471 3241 532 3302 est,
552 3228 671 3315 inqua
688 3230 908 3316 gymnasium
928 3231 1174 3316 amplissimum
1196 3243 1247 3296 est
1337 3269 1338 3278 ÷

147 3355 179 3404 30
196 3343 228 3396 et
244 3332 437 3416 complures
455 3330 559 3394 aedes
576 3349 694 3393 sacrae
708 3329 929 3416 :coliturque
946 3351 987 3394 ea
1004 3353 1083 3415 pars
1100 3342 1133 3394 et
1149 3332 1246 3396 habi·

194 3443 283 3497 tatur
307 3429 592 3517 frequentissime.
644 3426 778 3513 Quarta
810 3441 924 3493 autem
956 3442 1018 3504 est,
1044 3452 1133 3517 quae
1164 3433 1244 3518 quia
1337 3425 1338 3452 ³

195 3543 366 3616 postrema
383 3530 606 3595 coaedificata
626 3520 689 3603 est,
708 3527 876 3614 Neapolis
900 3531 1116 3595 nominatur:
1140 3553 1244 3617 quam
1337 3547 1338 3612 j

196 3632 239 3694 ad
264 3651 433 3694 summam
459 3630 628 3692 theatrum
649 3628 859 3690 maximum:
884 3641 1061 3713 praeterea
1078 3631 1145 3694 duo
1161 3644 1245 3695 tem·
1337 3617 1338 3660 ²

195 3731 252 3813 pla
270 3740 346 3792 sunt
363 3727 519 3813 egregia.
538 3725 675 3790 Cereris
696 3747 814 3798 unum,
835 3728 976 3790 alterum
1003 3727 1150 3794 Liberae
1175 3732 1246 3818 sig·
1337 3801 1338 3816 ,

147 3851 179 3902 35
197 3848 345 3910 numque
370 3825 555 3910 Apollinis,
577 3824 635 3908 qui
659 3823 858 3888 Temenites
882 3839 1034 3902 vocatur,
1057 3831 1245 3912 pulcherri-
1337 3853 1338 3900 1

197 3933 289 3988 mum
308 3936 340 3988 et
356 3923 566 3987 maximum:
591 3921 683 4007 quod
700 3921 762 3986 iste
779 3922 807 3986 si
823 3934 959 4007 portare
979 3928 1156 4010 potuisset,
1175 3951 1244 3995 non
1337 4003 1338 4010 ἵ

233 4023 383 4087 rbitasset
398 4021 542 4086 auferre.
