2714 4266
84 198 138 238 xv.
155 187 213 255 45.]
372 185 507 274 Justr'ce
524 197 564 254 ao
589 190 628 254 be
650 190 861 254 vrirdr'catcd.
1099 210 1142 278 39

134 405 180 452 aa.
204 388 236 454 O
253 390 554 454 commemoranda
567 389 710 478 judicia,
726 392 1010 478 praeclaramque
1027 391 1142 458 existi·

85 490 273 555 mationem
303 490 408 554 nostri
436 491 585 554 ordinis!
628 513 707 554 curn
735 491 818 555 socii
847 493 965 577 populi
991 493 1142 558 Romani

89 590 224 678 judicia
256 591 299 655 de
331 591 486 675 pecuniis
517 593 715 676 repetundis
748 591 821 655 fieri
839 594 972 668 nolunt,
1001 615 1089 679 quae
1122 615 1141 657 a

84 691 275 778 majoribus
307 691 430 755 nostris
466 693 636 756 sociorum
675 713 780 756 causa
816 706 1015 778 comparata
1050 707 1138 758 sunt.

84 789 146 855 An
175 790 237 855 iste
265 812 428 876 umquam
457 792 499 857 de
528 813 564 856 se
589 792 714 856 bonam
741 813 837 877 spem
863 794 1050 869 habuisset,
1076 795 1142 879 nisi
1177 825 1190 877 5

84 893 132 956 de
160 891 258 956 vobis
286 893 414 954 malam
440 891 639 978 opinionem
664 892 779 958 animo
803 892 1013 958 imbibisset?
1061 893 1142 980 Quo

85 991 219 1079 majore
236 991 338 1055 etiam
360 992 406 1077 (si
426 991 499 1056 fieri
524 993 652 1077 potest)
680 994 771 1077 apud
797 1014 857 1058 vos
881 995 960 1060 odio
984 1015 1059 1060 esse
1084 997 1143 1060 de·

84 1092 157 1166 bet,
180 1112 284 1178 quam
308 1103 359 1156 est
383 1092 476 1176 apud
499 1094 665 1178 populum
683 1092 895 1168 Romanum,
914 1115 991 1158 cum
1010 1095 1044 1159 in
1061 1115 1143 1160 ava·

85 1191 178 1267 ritia,
196 1191 339 1266 scelere,
358 1192 520 1279 perjurio,
537 1213 599 1257 vos
616 1193 668 1257 sui
686 1192 806 1258 similis
822 1214 898 1259 esse
915 1195 1106 1260 arbitretur.

122 1311 198 1376 xv.
224 1307 271 1356 4³.
294 1291 361 1358 Cui
386 1293 461 1357 loco
490 1294 570 1379 (per
594 1292 687 1358 Deos
712 1293 913 1359 immortalis
927 1294 969 1381 i),
991 1296 1139 1383 judices,
1160 1325 1190 1360 10

85 1392 256 1457 consulite
274 1413 315 1457 ac
332 1393 520 1477 providete.
559 1393 688 1458 Moneo
706 1395 989 1481 praedicoque—
1000 1396 1034 1460 id
1051 1397 1142 1483 quod

85 1490 452 1580 intellego-tempus
478 1495 543 1558 hoc
567 1494 664 1558 vobis
686 1494 847 1559 divinitus
864 1497 981 1559 datum
1000 1517 1088 1572 esse,
1107 1509 1144 1562 ut

85 1593 182 1667 odio,
216 1593 358 1668 invidia,
392 1593 548 1668 infamia,
585 1594 807 1679 turpitudine,
841 1607 946 1660 toturn
985 1597 1143 1662 ordinem

85 1692 252 1758 liberetis.
313 1692 420 1758 Nulla
450 1695 485 1758 in
508 1694 646 1782 judiciis
675 1695 851 1770 severitas,
883 1696 977 1759 nulla
1005 1697 1141 1783 religi0,

86 1793 186 1858 nulla
210 1793 357 1880 denique
377 1794 451 1882 jain
476 1795 712 1858 existimantur
736 1815 811 1859 esse
832 1793 973 1882 judicia.
1024 1795 1142 1882 Itaque
1161 1825 1189 1875 ¹⁵

87 1916 109 1958 a
139 1895 266 1980 populo
295 1895 456 1960 Romano
487 1895 749 1969 contemnimur,
780 1895 1008 1979 despicimur:
1044 1898 1142 1983 gravi

87 1995 318 2081 diuturnaque
332 1995 403 2084 jam
422 1995 611 2082 flagramus
629 1995 782 2058 infamia.
831 2011 877 2058 ⁴4.
902 1995 1025 2082 Neque
1050 1997 1141 2060 enim
1163 2007 1237 2048 *Ν

87 2098 196 2160 ullam
222 2095 325 2159 aliam
346 2097 389 2160 ob
406 2116 547 2160 causam
565 2097 712 2180 populus
730 2095 909 2160 Romanus
926 2097 1140 2162 tribuniciam

87 2208 291 2282 potestatem
305 2207 397 2260 tanto
411 2195 522 2260 studio
535 2195 710 2280 requisivit
722 2218 730 2270 3
751 2217 853 2281 quam
869 2217 946 2260 cum
965 2199 1139 2281 poscebat,

87 2298 194 2362 verbo
212 2297 306 2360 illam
327 2317 468 2381 poscere
491 2296 682 2375 videbatur,
707 2317 743 2360 re
768 2317 848 2360 vera
869 2296 999 2384 judicia
1025 2319 1142 2382 posce·
1159 2325 1189 2359 20

86 2398 158 2462 bat.
197 2396 320 2483 Neque
335 2398 399 2460 hoc
411 2394 465 2481 Q
475 2394 649 2469 Catulum,
666 2396 839 2460 hominem
853 2396 1142 2480 sapientissimum

87 2511 191 2584 atque
223 2495 488 2582 amplissimum,
518 2495 617 2583 fugit,
648 2496 704 2581 qui
741 2494 826 2580 (Cn.
862 2495 1039 2581 Pompeio,
1069 2499 1142 2563 viro

87 2597 272 2662 fortissimo
296 2608 329 2662 et
352 2596 555 2671 clarissimo,
577 2597 619 2660 de
644 2595 824 2660 tribunicia
849 2608 1013 2680 potestate
1038 2598 1141 2661 reser-
1174 2649 1175 2654 ,

87 2699 203 2782 ente),
233 2717 311 2762 cum
341 2708 431 2762 esset
458 2696 661 2762 sententiam
690 2707 844 2784 rogatus,
876 2697 940 2760 hoc
969 2696 1063 2762 initio
1092 2709 1144 2762 est

87 2818 225 2864 summa
256 2819 334 2862 curn
371 2797 570 2863 auctoritate
605 2818 708 2861 usus:
752 2795 894 2862 ‘Patres
932 2798 1142 2882 conscriptos
1159 2826 1189 2876 ²5

93 2898 225 2986 judicia
242 2899 332 2962 male
349 2910 382 2962 et
398 2897 567 2985 flagitiose
584 2897 691 2961 tueri:
716 2897 807 2982 quod
825 2897 853 2961 si
870 2897 904 2961 in
930 2888 1031 2962 rebus
1052 2899 1143 2984 judi-

88 2998 224 3073 candiS,
246 2998 362 3083 populi
383 2997 535 3062 Romani
559 2996 802 3062 existimationi
827 2997 909 3062 satis
933 2997 1046 3062 facere
1071 3000 1143 3062 vol-

88 3097 231 3172 uissent,
257 3119 327 3163 non
355 3109 448 3162 tanto
473 3119 577 3182 opere
607 3097 764 3163 homines
792 3097 897 3162 fuisse
925 3097 1141 3164 tribuniciam

88 3209 290 3284 potestatem
333 3198 610 3264 desideraturos!
679 3214 724 3262 45.
757 3197 838 3283 lpse
881 3198 1028 3283 denique
1071 3197 1138 3264 Cn.

89 3299 287 3385 Pompeius,
307 3319 385 3362 curn
406 3298 553 3383 primum
579 3298 773 3364 contionem
797 3298 842 3363 ad
866 3298 995 3364 Urbem
1021 3301 1140 3365 consul
1156 3325 1205 3374 30».

90 3400 290 3487 designatus
318 3398 449 3473 habuit,
475 3397 533 3464 ubi
561 3398 615 3485 (id
643 3399 734 3485 quod
767 3398 917 3464 maxime
949 3399 1140 3485 exspectari

90 3499 286 3594 videbatur)
313 3499 460 3564 ostendit
483 3521 520 3565 se
543 3498 761 3564 tribuniciam
787 3509 986 3584 potestatem
1009 3499 1141 3564 restitu-

91 3591 214 3674 tu‘r'um,
232 3598 343 3664 sactus
367 3611 418 3664 est
433 3599 467 3662 in
485 3621 526 3665 eo
543 3600 713 3685 strepitus,
732 3610 765 3664 et
781 3610 879 3687 grata
897 3599 1064 3664 contionis
1082 3601 1142 3664 ad-

92 3699 324 3764 murmuratio.
385 3699 481 3764 Idem
505 3699 540 3764 in
566 3700 686 3764 eadem
713 3701 869 3764 contione
895 3720 972 3764 cum
998 3699 1141 3764 dixisset

92 3801 294 3886 ‘populatas
318 3810 528 3886 vexatasque
545 3821 620 3864 esse
638 3799 853 3885 provincias3
878 3800 1008 3887 judicia
1026 3813 1139 3865 autem
1158 3823 1190 3875 35

92 3900 200 3987 turpia
217 3921 259 3966 ac
274 3899 445 3988 flagitiosa
462 3899 556 3976 fieri3
589 3900 620 3964 ei
637 3899 685 3964 rei
703 3920 739 3966 se
756 3900 936 3985 providere
954 3920 994 3964 ac
1017 3919 1140 3966 consu·
