2714 4266
196 183 239 252 4²
475 166 735 252 Impeachment
758 167 806 250 os
831 164 968 232 Verres.
1096 163 1215 234 [νεῖαι
1240 164 1264 218 Ι.

197 365 308 451 patiar
323 389 395 432 rem
412 367 448 430 in
465 365 499 432 id
515 377 651 452 tempus
676 365 816 440 adduci,
834 376 872 430 ut
898 365 1062 454 [Siculi],
1080 388 1168 454 quos
1196 368 1264 432 ad-

198 467 265 531 huc
282 468 370 532 servi
388 467 645 554 designatorum
663 467 844 531 consulum
866 488 934 530 non
961 480 1153 544 moverunt,
1172 491 1261 534 cum

197 586 256 630 eos
267 589 355 632 novo
366 569 525 652 exemplo
536 567 713 632 universos
726 578 951 642 arcesserent,
966 589 1024 632 eos
1036 583 1106 632 tum
1116 570 1261 634 lictores

198 668 377 730 consulum
395 678 535 739 vocent;
561 680 595 729 ut
612 667 768 731 homines
787 666 916 741 miseri,
932 680 1033 733 antea
1051 670 1132 734 socii
1150 683 1260 758 atque

163 766 299 852 samici
327 767 443 852 populi
472 765 637 842 Romani,
663 787 756 830 nunc
784 767 874 832 servi
904 789 946 834 ac
970 771 1156 857 supplices,
1184 793 1259 836 non

197 866 299 930 modo
334 867 391 956 jus
426 889 526 932 suum
559 866 779 954 fortunasque
812 869 926 935 omnis
958 892 1075 936 eorum
1107 872 1259 957 imperio

198 965 364 1044 amittant,
388 989 507 1032 verum
532 969 635 1032 etiam
660 969 864 1053 deplorandi
878 969 965 1061 juris
982 972 1034 1036 sui
1050 984 1259 1058 potestatem

198 1087 266 1132 non
283 1068 444 1132 habeant.
493 1084 539 1131 54.
563 1067 643 1133 Non
672 1069 784 1134 sinam
813 1071 978 1158 profecto,
1008 1093 1113 1137 causa
1144 1092 1165 1136 a
1200 1094 1258 1137 me

198 1180 368 1252 perorata,
388 1167 633 1256 [quadraginta
658 1169 780 1236 diebus
804 1171 1042 1260 interpositis]
1062 1185 1131 1236 turn
1154 1173 1258 1270 nobis

152 1301 182 1338 10
198 1266 345 1355 denique
359 1268 571 1354 responderi,
587 1290 667 1334 cum
682 1273 854 1337 accusatio
869 1284 983 1338 nostra
997 1272 1031 1335 in
1046 1272 1258 1339 oblivionem

198 1369 416 1435 diuturnitate
434 1371 581 1436 adducta
599 1372 662 1437 sit:
687 1395 755 1438 non
772 1373 996 1447 committam,
1014 1384 1050 1436 ut
1069 1384 1139 1437 tum
1165 1373 1258 1438 haec

198 1491 253 1535 res
266 1470 450 1558 judicetur,
471 1492 549 1535 cum
567 1472 654 1537 haec
671 1473 862 1559 frequentia
878 1471 980 1538 totius
998 1472 1116 1538 ltaliae
1136 1473 1257 1539 Roma

198 1570 414 1646 discesserit;
435 1594 523 1659 quae
541 1573 700 1638 convenit
716 1597 784 1638 uno
801 1585 952 1658 tempore
969 1573 1133 1660 undique,
1149 1575 1257 1639 comi-

198 1674 336 1748 tiorum,
369 1673 542 1748 ludorum,
573 1676 805 1761 censendique
839 1694 953 1739 causa.
1004 1673 1117 1763 Hujus
1144 1675 1256 1765 judici

154 1800 184 1852 ις
200 1785 233 1838 et
256 1774 368 1839 laudis
392 1774 553 1850 fructum,
575 1788 608 1840 et
632 1775 830 1840 offensionis
855 1774 1059 1860 periculum,
1080 1788 1254 1851 vestrum3

199 1874 353 1939 laborem
386 1876 731 1963 sollicitudinemque,
758 1887 932 1949 nostram;
965 1873 1142 1939 scientiam
1172 1877 1256 1963 quid

201 1986 336 2062 agatur,
371 1977 641 2061 memoriamque
691 1976 772 2062 quid
808 1996 828 2040 a
863 1996 999 2062 quoque
1035 1975 1163 2040 dictum
1201 1978 1256 2058 sit,

200 2075 353 2142 omnium
380 2088 459 2160 puto
484 2097 559 2140 esse
584 2088 752 2162 oportere.

244 2193 288 2239 55.
312 2177 454 2241 Faciam
489 2177 555 2240 hoc
583 2198 651 2240 non
681 2198 821 2251 novum,
848 2175 908 2240 sed
937 2176 980 2240 ab
1005 2175 1137 2262 eisqui
1163 2196 1256 2240 nunc

154 2299 186 2334 20
201 2275 373 2362 principes
394 2287 529 2341 nostrae
552 2276 695 2340 civitatis
713 2287 791 2340 sunt
807 2287 884 2340 ante
902 2275 1044 2350 factum,
1062 2289 1099 2340 ut
1113 2276 1256 2343 testibus
1339 2293 1340 2302 ¹

201 2387 278 2441 utar
301 2377 435 2440 statim:
461 2376 545 2442 illud
566 2398 590 2440 a
616 2399 670 2440 me
695 2398 834 2449 novum,
853 2376 1003 2464 judices,
1024 2377 1252 2464 cognoscetis,

201 2476 294 2563 quod
310 2477 355 2540 ita
373 2477 466 2543 testis
484 2478 702 2549 constituam,
720 2488 757 2540 ut
777 2475 905 2540 crimen
931 2488 1036 2540 totum
1062 2477 1253 2560 explicem3

202 2589 250 2653 ut,
265 2578 323 2641 ubi
336 2578 371 2641 id
389 2577 669 2664 [interrogando]
688 2577 899 2664 argumentis
913 2588 1013 2664 atque
1030 2577 1183 2642 oratione
1200 2579 1255 2642 fir-

204 2699 355 2751 mavero,
375 2691 445 2743 tum
464 2679 556 2742 testis
574 2679 617 2742 ad
639 2677 768 2741 crimen
795 2678 1078 2743 adcommodem:
1111 2689 1147 2741 ut
1170 2678 1253 2744 nihil

157 2800 187 2850 ²5
203 2777 290 2842 inter
313 2779 408 2843 illam
433 2779 592 2843 usitatam
620 2777 871 2842 accusationem
898 2789 998 2862 atque
1019 2776 1109 2842 hanc
1129 2799 1251 2842 novam

203 2877 345 2954 intersit,
365 2879 429 2943 nisi
446 2880 537 2965 quod
556 2879 590 2943 in
607 2879 666 2942 illa
688 2891 782 2951 tunc,
806 2898 884 2941 cum
908 2877 1024 2941 omnia
1048 2877 1138 2941 dicta
1162 2891 1250 2953 sunt,

203 2989 304 3044 testes
329 2981 473 3053 dantur3
506 2979 563 3044 hic
587 2979 621 3043 in
646 2979 803 3065 singulas
825 2999 879 3041 res
904 2977 1095 3052 dabuntur3
1127 2989 1163 3040 ut
1187 2977 1252 3043 illis

203 3100 339 3166 quoque
370 3079 491 3144 eadem
527 3079 761 3166 interrogandi
798 3077 955 3152 facultas,
990 3079 1250 3162 argumentandi

204 3180 408 3266 dicendique
425 3179 478 3246 sit.
527 3179 565 3244 Si
583 3180 658 3267 quis
675 3180 750 3252 erit,
769 3179 828 3265 qui
844 3189 1045 3263 perpetuam
1065 3176 1251 3243 orationem

158 3298 192 3350 30
205 3281 525 3367 accusationemque
538 3280 720 3354 desideret,
733 3279 840 3343 altera
858 3277 991 3343 actione
1005 3276 1139 3341 audiet:
1162 3299 1250 3344 nunc

204 3381 252 3455 id,
267 3380 359 3467 quod
377 3380 627 3444 facimus—ea
644 3379 774 3443 ratione
788 3377 947 3454 facimus,
962 3387 999 3441 ut
1016 3377 1164 3441 malitiae
1180 3377 1249 3444 illo-

204 3504 279 3546 rum
293 3481 434 3546 consilio
449 3490 561 3544 nostro
574 3499 851 3544 occurramus-
861 3477 1055 3544 necessario
1068 3477 1141 3540 fieri
1158 3477 1249 3544 intel·

204 3582 309 3669 legat.
361 3580 459 3644 Haec
476 3580 606 3664 primae
624 3577 766 3642 actionis
784 3578 846 3642 erit
860 3577 1045 3642 accusatio.
1090 3595 1135 3642 so.
1160 3575 1248 3644 Dici·

206 3703 281 3745 mus
304 3680 347 3744 C.
365 3679 524 3752 Verrem,
549 3700 625 3742 cum
651 3678 758 3741 multa
783 3678 977 3750 libidinose,
1005 3679 1110 3742 multa
1135 3679 1250 3744 crude·

161 3793 193 3846 35
207 3781 292 3855 liter,
311 3780 346 3842 in
363 3778 448 3842 civis
465 3776 643 3841 Romanos
661 3789 761 3862 atque
778 3775 813 3839 in
835 3776 959 3850 socios,
978 3776 1085 3841 multa
1111 3778 1146 3842 in
1171 3779 1248 3844 deos

206 3879 429 3962 hominesque
446 3875 574 3939 nefarie
591 3875 708 3938 fecerit
723 3885 796 3939 tum
819 3883 996 3960 praeterea
1020 3876 1249 3965 quadringen-
