2714 4266
117 219 176 260 xn.
191 207 247 276 33·]
296 208 367 275 His
385 209 536 276 Earlr'er
564 209 750 276 Victorias:
777 212 833 276 the
851 210 1006 275 Pirates.
1134 213 1178 296 69

118 410 323 496 saepissime
347 411 512 498 plurimos
538 411 643 477 hostis
669 415 711 478 ab
737 413 802 478 hoc
827 426 1004 498 superatos
1029 425 1177 498 prostra-

53 511 55 516 ‘
117 522 241 596 tosque
266 512 458 596 conspexit.
506 512 620 577 Testis
645 527 695 578 est
719 515 840 577 iterum
858 528 891 576 et
907 515 1044 598 saepius
1063 513 1173 590 ltalia,

118 632 210 696 quae
228 633 305 676 cum
323 613 437 677 servili
455 615 545 677 bello
558 626 663 678 taetro
677 615 937 700 periculosoque
951 608 1173 698 premeretur,

120 713 165 774 ab
190 713 255 776 hoc
280 713 446 776 auxilium
472 714 610 777 absente
637 714 818 798 expetivit:
848 715 940 798 quod
964 715 1091 778 bellum
1116 737 1176 779 ex·

119 812 330 894 spectatione
368 813 441 900 ejus
478 825 688 877 attenuatum
724 826 825 900 atque
860 814 1075 878 imminutum
1111 827 1173 890 est,
1211 841 1227 900 ς

118 912 270 976 adventu
295 913 467 977 sublatum
492 934 534 976 ac
550 915 733 999 sepultum.
782 929 823 976 ³1.
847 913 970 979 Testes
986 937 1078 979 nunc
1095 937 1175 981 vero

124 1012 199 1100 jam
225 1034 345 1077 omnes
368 1033 449 1078 orae
475 1026 575 1100 atque
598 1036 718 1078 omnes
743 1028 880 1079 exterae
905 1027 1025 1102 gentes
1050 1036 1091 1079 ac
1115 1036 1176 1079 na-

117 1112 242 1187 tiones,
258 1113 406 1199 denique
424 1114 533 1177 maria
549 1115 665 1178 omnia
683 1134 760 1178 cum
779 1115 951 1190 universa,
967 1127 1037 1179 tum
1055 1116 1088 1180 in
1106 1116 1176 1180 sin-

119 1213 212 1298 gulis
237 1213 304 1278 oris
328 1235 448 1278 omnes
473 1215 568 1278 sinus
593 1227 693 1300 atque
714 1225 862 1299 portus.'
893 1213 982 1298 Qis
999 1217 1089 1279 enim
1106 1227 1175 1280 toto

121 1314 207 1375 mari
226 1315 320 1378 locus
338 1335 399 1398 per
416 1315 478 1378 bos
495 1335 604 1379 annos
620 1328 679 1379 aut
695 1327 763 1378 tam
782 1316 916 1379 firmum
936 1317 1053 1380 babuit
1076 1337 1176 1402 prae·
1195 1345 1225 1384 ιο

120 1413 245 1477 sidium
267 1425 302 1477 ut
321 1426 412 1478 tutus
433 1427 534 1490 esset,
554 1427 611 1479 aut
635 1427 704 1479 tam
731 1415 792 1480 suit
815 1417 950 1480 abditus
974 1430 1011 1480 ut
1034 1415 1174 1481 lateret?

121 1511 212 1598 Qis
240 1515 417 1601 navigavit
444 1515 501 1601 qui
530 1537 597 1580 non
627 1537 663 1580 se
692 1528 750 1581 aut
778 1516 894 1580 mortis
923 1529 979 1580 aut
1004 1518 1174 1582 servitutis

121 1615 274 1700 periculo
292 1614 528 1690 committeret,
547 1637 624 1680 cum
647 1628 705 1680 aut
724 1617 836 1681 bieme
857 1629 914 1680 aut
933 1617 1055 1682 referto
1075 1640 1174 1701 prae-

121 1715 249 1780 donum
283 1715 368 1778 mari
400 1709 602 1802 navigaret?
666 1716 742 1780 Hoc
774 1727 904 1780 tantum
933 1717 1073 1792 bellum,
1104 1729 1173 1782 tam

121 1827 233 1899 turpe,
257 1827 326 1878 tam
350 1827 460 1888 vetus,
483 1829 551 1880 tam
579 1818 645 1881 late
670 1817 816 1880 divisum
841 1830 941 1902 atque
966 1817 1171 1901 dispersum,
1193 1846 1223 1900 15
1242 1798 1302 1854 *Ὅ

121 1916 198 2001 quis
218 1937 378 2002 umquam
401 1917 619 1980 arbitraretur
640 1928 697 1980 aut
716 1917 759 1980 ab
781 1917 939 1980 omnibus
964 1915 1174 2001 imperatori-

119 2016 185 2079 bus
213 2038 281 2080 uno
310 2038 400 2080 anno
423 2028 480 2080 aut
504 2017 662 2081 omnibus
687 2017 785 2080 annis
809 2017 852 2080 ab
877 2039 945 2080 uno
970 2017 1174 2101 imperatore

121 2117 243 2180 confici
261 2115 384 2201 posse?
429 2133 476 2180 ³2.
501 2115 616 2200 Qam
637 2115 846 2201 provinciam
864 2117 1017 2180 tenuistis
1035 2138 1053 2180 a
1076 2140 1173 2201 prae·

120 2217 266 2282 donibus
284 2217 425 2282 liberam
444 2239 505 2302 per
522 2217 625 2281 hosce
643 2214 773 2280 annos?
804 2216 896 2302 quod
914 2217 1060 2303 vectigal
1078 2219 1174 2284 vobis

120 2327 228 2381 tutum
257 2316 341 2382 suit?
377 2321 478 2405 qu'em
509 2317 637 2381 socium
668 2314 888 2380 defendistis?
924 2316 976 2380 cui
1002 2319 1175 2400 praesidio
1189 2347 1220 2383 20

120 2417 288 2483 classibus
313 2419 433 2483 vestris
457 2416 588 2481 fuistis?
612 2408 723 2503 'quam
750 2417 873 2480 multas
898 2417 1098 2483 existimatis
1122 2419 1174 2483 in-

120 2521 214 2583 sulas
243 2541 317 2584 esse
346 2517 520 2583 desertas?
556 2539 658 2603 quam
689 2517 811 2580 multas
840 2530 897 2580 aut
923 2530 1012 2581 metu
1038 2520 1172 2586 relictas

120 2630 179 2682 aut
195 2639 215 2682 a
233 2619 462 2704 praedonibus
479 2631 597 2703 captas
614 2616 707 2680 urbis
725 2639 798 2680 esse
817 2617 1008 2681 sociorum?
1043 2623 1047 2628 ’

131 2703 230 2796 {fxit
258 2719 329 2784 Sed
356 2720 438 2806 quid
468 2741 533 2804 ego
565 2717 753 2803 longinqua
786 2717 1038 2783 commemoro?
1094 2720 1173 2786 Fuit

120 2820 187 2884 hoc
207 2821 393 2906 quondam,
413 2819 474 2884 fuit
498 2817 672 2904 proprium
698 2815 816 2900 populi
841 2817 1004 2890 Romani,
1024 2819 1126 2907 longe
1152 2843 1217 2898 az,

120 2920 222 2985 domo
246 2921 387 2996 bellare,
412 2932 444 2984 et
467 2917 738 3006 propugnaculis
763 2917 883 3002 imperi
908 2918 1076 2982 sociorum
1106 2921 1171 2986 sor·

118 3031 233 3096 tunaS,
246 3043 314 3085 non
328 3043 389 3085 sua
403 3032 491 3085 tecta
505 3019 702 3085 defendere.
737 3018 849 3084 Sociis
863 3039 928 3105 ego
942 3021 1063 3084 nostris
1079 3044 1171 3106 mare

120 3141 182 3205 per
205 3121 267 3185 hos
292 3143 399 3185 annos
424 3122 579 3185 clausum
604 3119 709 3185 fuisse
738 3120 865 3192 dicam,
892 3140 968 3183 cnm
1002 3108 1170 3186 exercitus

118 3223 220 3286 vestri
239 3242 425 3308 numquam
444 3242 464 3284 a
481 3219 665 3284 Brundisio
683 3218 746 3284 nisi
768 3219 881 3283 hieme
905 3241 1038 3283 summa
1063 3231 1171 3288 trans·

119 3320 293 3386 miserint?
342 3318 413 3404 Qui
437 3321 480 3384 ad
506 3343 566 3384 vos
591 3321 634 3384 ab
659 3321 784 3384 exteris
805 3320 997 3384 nationibus
1016 3323 1171 3414 venirent
1185 3347 1216 3398 30

119 3432 237 3506 captos
268 3441 405 3508 querar,
435 3441 512 3484 cum
546 3419 650 3506 legati
679 3420 795 3505 populi
825 3420 975 3484 Romani
1003 3422 1170 3508 redempti

119 3521 207 3587 sint?
253 3521 504 3586 Mercatoribus
535 3532 643 3584 tutum
676 3541 770 3583 mare
802 3542 871 3584 non
904 3520 1008 3585 fuisse
1040 3523 1167 3600 dicam,

118 3645 197 3688 cum
222 3621 402 3687 duodecim
427 3642 565 3685 secures
589 3619 624 3684 in
644 3621 858 3703 praedonum
876 3632 1076 3705 potestatem
1093 3645 1169 3708 per-

117 3720 293 3788 venerint?
338 3737 384 3784 33.
408 3720 558 3786 Cnidum
585 3733 642 3784 aut
667 3719 904 3804 Colophonem
930 3734 986 3785 ant
1009 3719 1166 3798 Samum,

117 3823 345 3888 nobilissimas
364 3822 469 3894 urbis,
489 3819 814 3906 innumerabilisque
839 3821 924 3885 alias
949 3833 1067 3906 captas
1092 3845 1168 3890 esse
1186 3849 1217 3902 35

118 3943 396 3998 commemorem,
421 3942 500 3986 cum
527 3932 658 3984 vestros
686 3931 814 4004 portus,
841 3930 942 4006 atque
967 3943 1026 3986 eos
1050 3934 1167 4007 portus
