2714 4266
14 3591 15 3644 l

14 3645 16 3699 l

243 212 265 278 6
567 212 725 298 Desertae
748 211 796 298 os
808 210 968 278 Roscius.
1105 208 1216 280 [Rosc.
1237 209 1298 264 Au

244 415 348 482 domo
364 425 465 502 atque
481 412 565 479 focis
581 412 700 499 patriis
716 410 838 500 disque
854 411 1035 498 penatibus
1051 411 1301 499 praecipitem,

249 515 397 604 judices,
412 514 569 578 exturbat
579 534 588 588 ;
609 512 682 597 ipse
696 511 930 596 amplissimae
947 511 1115 597 pecuniae
1133 513 1170 578 fit
1186 515 1303 580 domi·

244 637 322 680 nus.
372 611 444 697 Qui
462 613 497 678 in
518 633 579 678 sua
598 633 636 677 re
655 611 775 676 fuisset
799 612 1054 698 egentissimus,
1076 624 1161 689 erat,
1183 626 1224 680 ut
1249 616 1300 691 fit,

244 714 395 780 insolens
407 712 443 777 in
456 712 581 777 aliena.
629 710 742 776 Multa
758 711 874 796 palam
888 711 1029 776 domum
1046 735 1145 778 suam
1163 715 1303 780 aufere·

214 813 315 890 sbat,
333 815 432 899 plura
448 813 538 878 clam
555 812 598 878 de
614 810 728 876 medio
743 812 963 886 removebat3
992 835 1062 878 non
1086 837 1200 902 pauca
1228 815 1301 881 suis

246 913 456 1002 adjutoribus
478 913 576 1000 large
599 911 776 998 effuseque
803 911 975 988 donabat;
1009 915 1143 1002 reliqua
1171 914 1301 980 consti·

244 1023 317 1079 tuta
352 1012 508 1079 auctione
544 1011 736 1078 vendebatz
778 1013 871 1098 quod
902 1011 1079 1080 Amerinis
1113 1036 1225 1102 usque
1259 1035 1302 1080 eo

245 1113 357 1179 visum
385 1124 437 1179 est
462 1112 658 1201 indignum,
680 1121 719 1176 ut
743 1111 829 1178 urbe
856 1123 932 1185 tota.
950 1113 1051 1180 fletus
1078 1116 1301 1204 gemitusque

246 1214 353 1279 fieret.
401 1233 453 1279 1x.
478 1229 520 1276 14.
543 1212 680 1278 Etenim
696 1213 803 1278 multa
819 1213 923 1279 simul
940 1226 1019 1281 ante
1038 1217 1156 1281 oculos
1180 1236 1303 1281 versa·

200 1314 390 1381 rebantur:
415 1337 507 1381 mors
523 1313 671 1379 hominis
686 1312 917 1380 florentissimi
934 1314 1020 1381 Sex.
1039 1315 1147 1381 Rosci
1176 1317 1300 1380 crude·

247 1414 390 1491 lissima,
411 1415 473 1480 filii
497 1426 610 1480 autem
634 1413 708 1503 ejus
732 1424 869 1500 egestas
893 1414 1148 1503 indignissima,
1173 1414 1232 1479 cui
1257 1420 1301 1482 de

246 1524 340 1580 tanto
362 1514 566 1601 patrimonio
587 1513 717 1601 praedo
737 1512 801 1579 iste
827 1514 980 1581 nefarius
1003 1537 1048 1582 ne
1071 1514 1135 1580 iter
1156 1515 1301 1601 quidem

248 1615 293 1681 ad
324 1616 520 1701 sepulcrum
552 1614 699 1713 patrium
731 1614 936 1702 reliquisset,
969 1615 1138 1681 bonorum
1171 1614 1302 1700 emptio

247 1714 431 1804 flagitiosa,
445 1715 630 1802 possessi0,
644 1714 746 1790 furta,
760 1713 916 1800 rapinae,
932 1715 1146 1781 donationes.
1184 1713 1302 1779 Nemo

200 1835 231 1891 15
249 1827 322 1881 erat
336 1815 393 1902 qui
411 1837 479 1882 non
496 1816 616 1881 ardere
629 1817 693 1883 illa
708 1815 824 1880 omnia
844 1816 974 1890 mallet,
992 1836 1098 1901 quam
1122 1813 1241 1880 videre
1265 1813 1300 1878 in

248 1914 333 1981 Sex.
353 1916 461 1981 Rosci
493 1915 558 1981 viri
581 1913 700 2001 optimi
724 1925 827 2000 atque
850 1914 1082 1980 honestissimi
1106 1913 1205 1979 bonis
1226 1913 1302 2002 jac-

248 2026 376 2081 tantem
408 2036 445 2081 se
473 2036 516 2081 ac
542 2015 776 2080 dominantem
803 2013 849 2078 T.
881 2014 1062 2080 Roscium.
1114 2029 1155 2077 15.
1180 2013 1302 2100 Itaque

250 2115 472 2180 decurionum
497 2116 670 2180 decretum
691 2114 804 2179 statim
821 2115 870 2190 fit,
889 2125 926 2179 ut
942 2114 1063 2179 decem
1081 2114 1181 2199 primi
1198 2114 1302 2200 profi·

250 2217 422 2280 ciscantur
441 2215 485 2280 ad
505 2214 547 2278 L.
568 2214 716 2289 Sullam,
735 2214 950 2300 doceantque
972 2236 1052 2280 eum
1068 2215 1128 2300 qui
1144 2214 1196 2278 vir
1211 2213 1299 2278 Sex.

202 2337 234 2372 20
250 2315 400 2380 Roscius
432 2314 552 2388 suerit3
589 2324 841 2400 conquerantur
868 2314 913 2379 de
941 2314 1083 2379 istorum
1111 2315 1242 2379 scelere
1271 2324 1303 2377 et

250 2414 403 2503 injuriis3
432 2426 528 2480 orent
546 2423 584 2478 ut
603 2424 635 2478 et
654 2413 745 2478 illius
766 2413 891 2478 mortui
910 2412 1039 2477 samam
1063 2424 1096 2478 et
1118 2413 1180 2477 filii
1203 2412 1304 2477 inno-

250 2514 357 2590 centis
374 2514 525 2580 fortunas
542 2523 762 2578 conservatas
778 2512 872 2578 velit.
921 2511 1037 2600 Atque
1053 2512 1166 2599 ipsum
1184 2511 1304 2578 decre·

249 2609 336 2690 tum,
354 2635 495 2701 quaes0,
514 2613 723 2700 cognoscite.

277 2794 279 2797 Ι
525 2711 731 2799 [Decretum
752 2711 1028 2800 Documentum]

204 2835 235 2889 ²5
296 2812 421 2901 Legati
449 2812 485 2877 in
509 2822 620 2877 castra
643 2812 796 2876 veniunt.
847 2812 1076 2900 Intellegitur,
1096 2811 1246 2903 judices
1268 2813 1303 2880 id

252 2915 343 3001 quod
356 2914 428 3001 jam
446 2924 524 2977 ante
541 2911 626 2986 dixi,
644 2911 862 2996 imprudente
879 2911 924 2976 L.
945 2912 1045 2977 Sulla
1062 2913 1194 2978 scelera
1215 2915 1304 2980 haec

253 3025 287 3080 et
307 3012 439 3100 flagitia
462 3011 548 3076 fieri.
598 3011 691 3075 Nam
716 3011 830 3076 statim
846 3011 1100 3100 Chrysogonus
1117 3023 1151 3077 et
1166 3013 1241 3098 ipse
1258 3014 1304 3080 ad

253 3137 312 3181 eos
332 3111 464 3178 accedit
480 3122 513 3176 et
528 3111 684 3175 homines
701 3110 823 3176 nobilis
841 3112 994 3201 adlegat,
1010 3112 1053 3176 at
1068 3100 1118 3178 eis
1133 3113 1191 3199 qui
1207 3126 1303 3198 pete-

253 3225 328 3281 rent
354 3233 398 3278 ne
426 3211 470 3276 ad
494 3210 627 3277 Sullam
657 3211 802 3286 adirent,
828 3222 860 3276 et
887 3213 1003 3277 omnia
1032 3211 1302 3300 Chrysogonum

204 3338 237 3390 30
253 3334 342 3401 quae
365 3311 493 3377 vellent
516 3331 591 3376 esse
615 3309 783 3375 facturum
813 3312 1067 3396 pollicerentur.
1116 3329 1157 3376 lo.
1182 3311 1302 3399 Usque

254 3415 341 3480 adeo
358 3422 470 3476 autem
487 3411 545 3476 ille
565 3411 798 3497 pertimuerat,
819 3422 856 3476 ut
878 3412 964 3476 mori
990 3413 1107 3476 mallet
1130 3432 1234 3498 quam
1259 3415 1302 3477 de

254 3515 307 3579 his
320 3513 423 3579 rebus
436 3511 569 3578 Sullam
583 3510 710 3578 doceri.
756 3509 924 3577 Homines
943 3513 1085 3599 antiqui,
1105 3512 1162 3599 qui
1180 3533 1223 3575 ex
1240 3534 1301 3576 sua

254 3626 375 3679 natura
404 3623 533 3676 ceteros
564 3613 747 3699 fingerent,
778 3634 856 3677 curn
888 3614 946 3678 ille
978 3614 1196 3678 confirmaret
1226 3633 1301 3676 sese

254 3735 380 3778 nomen
406 3711 489 3776 Sex.
517 3711 624 3776 Rosci
661 3712 704 3776 de
731 3711 856 3776 tabulis
888 3724 1127 3798 exempturum
1160 3713 1302 3797 praedia

207 3833 238 3890 35
254 3833 366 3877 vacua
383 3810 453 3874 filio
469 3811 684 3883 traditurum,
703 3831 850 3895 cumque
867 3811 902 3875 id
919 3812 964 3875 ita
981 3813 1131 3876 futurum
1147 3811 1193 3875 T.
1213 3811 1304 3878 Ros·

256 3912 329 3977 cius
349 3911 486 3995 Capite,
507 3909 565 3996 qui
585 3909 620 3974 in
642 3909 762 3974 decem
783 3909 907 3996 legatis
928 3921 1013 3986 erat,
1033 3912 1302 3997 appromitteret,
