2668 4262
88 229 140 268 XX·
156 215 215 287 53·]
252 217 334 305 Why
357 218 421 283 did
447 217 588 284 Clodius
611 226 734 282 return
759 217 835 282 that
857 215 1007 304 Negat?
1086 216 1152 303 189

85 417 263 484 venisset?
310 414 424 505 Atque
448 432 484 483 ut
507 417 555 483 illi
572 429 758 484 nocturnus
776 418 819 483 ad
836 418 956 482 urbem
981 417 1149 482 adventus

84 518 251 584 vitandus
273 521 503 606 potiusquam
522 519 733 604 expetendus
750 519 824 591 suit,
840 519 889 582 sic
914 515 1051 591 Miloni,
1070 537 1148 581 cum

85 618 268 683 insidiator
293 633 393 694 esset,
418 621 444 684 si
471 621 566 684 illurn
591 620 635 683 ad
661 621 778 682 urbem
804 631 903 682 nocte
929 638 1147 683 accessurum

84 718 234 808 sciebat,
265 720 510 784 subsidendum
543 733 643 805 atque
677 719 948 802 exspectandum
980 719 1053 783 fuit.
1101 737 1148 783 50.

84 816 207 884 Nemo
232 820 262 884 ei
287 821 426 908 neganti
459 839 527 885 non
559 819 772 892 credidisset,
800 841 902 906 quern
928 841 1003 884 esse
1027 841 1180 898 omness

85 919 227 983 salvum
255 921 356 984 etiam
390 921 606 984 confitentem
638 921 767 984 volunt.
830 919 1055 984 Sustinuisset
1084 920 1148 986 hoc

84 1019 222 1084 crimen
246 1021 394 1104 primurn
419 1017 492 1105 ipse
516 1019 574 1083 ille
592 1020 760 1084 latronum
778 1021 965 1085 occultator
981 1031 1014 1084 et
1030 1041 1148 1105 recep-

83 1130 140 1182 tor
166 1119 276 1195 locus,
302 1139 380 1184 cum
405 1139 517 1205 neque
536 1131 635 1186 muta
659 1121 805 1185 solitudo
829 1119 1014 1184 indicasset
1037 1141 1148 1210 neque

85 1239 197 1282 caeca
223 1239 292 1284 nox
319 1219 522 1284 ostendisset
545 1215 734 1294 Milonem3
764 1221 889 1285 deinde
911 1219 958 1284 ibi
984 1222 1079 1285 multi
1105 1222 1149 1285 ab

85 1319 148 1382 illo
183 1319 311 1394 violati,
339 1319 487 1404 spoliati,
513 1320 612 1385 bonis
637 1321 784 1405 expulsi,
808 1320 903 1384 multi
935 1321 1023 1384 haec
1047 1325 1148 1385 etiam
1169 1351 1201 1392 ιο

85 1420 250 1484 timentes
281 1420 315 1484 in
348 1420 570 1506 suspitionem
603 1421 777 1494 caderent,
811 1432 879 1485 tota
911 1420 1059 1506 denique
1091 1440 1149 1484 rea

87 1520 253 1584 citaretur
288 1519 436 1586 Etruria.
501 1539 541 1585 51.
574 1520 688 1607 Atque
724 1523 783 1585 illo
822 1522 878 1585 die
910 1534 1000 1585 certe
1031 1519 1149 1586 Aricia

87 1621 230 1686 rediens
255 1621 398 1686 devertit
421 1621 565 1687 Clodius
590 1623 634 1686 ad
659 1621 847 1686 Albanum.
898 1619 1001 1704 Quod
1027 1633 1062 1685 ut
1086 1622 1147 1686 sci·

87 1732 141 1786 ret
167 1721 256 1787 Milo
280 1723 376 1787 illum
402 1722 540 1788 Ariciae
564 1723 683 1796 fuisse,
704 1721 870 1806 suspicari
896 1733 1009 1784 tamen
1034 1722 1150 1786 debuit

88 1843 185 1896 eum,
206 1823 308 1886 etiarn
333 1824 360 1888 si
384 1821 609 1906 Romamillo
627 1823 681 1886 die
698 1821 820 1885 reverti
838 1821 952 1894 vellet,
972 1822 1015 1886 ad
1032 1821 1148 1884 villam
1172 1844 1202 1898 ις

88 1945 206 1998 suam,
230 1945 319 2010 quae
341 1924 432 1988 viam
460 1933 629 2010 tangeret,
655 1923 890 1987 deversurum.
938 1919 1011 1985 Cur
1038 1941 1149 2006 neque

89 2037 172 2089 ante
198 2024 357 2097 occurrit,
376 2046 419 2088 ne
443 2024 500 2088 ille
526 2024 561 2087 in
580 2023 661 2086 villa
685 2022 860 2091 resideret,
880 2041 944 2085 nec
959 2042 1001 2086 eo
1017 2021 1052 2084 in
1074 2022 1150 2086 loco

89 2125 259 2196 subsedit,
277 2145 345 2210 quo
362 2125 419 2188 ille
444 2134 545 2187 noctu
567 2135 730 2186 venturus
747 2119 858 2185 esset?

135 2224 252 2290 Video
292 2225 406 2290 adhuc
443 2237 611 2297 constare,
642 2220 788 2310 judices,
818 2220 1147 2286 omniaz-Miloni

90 2326 197 2390 etiam
214 2326 295 2390 utile
312 2326 416 2390 fuisse
433 2323 593 2389 Clodium
611 2323 739 2395 vivere,
758 2321 805 2386 illi
824 2321 867 2385 ad
891 2341 931 2385 ea
955 2343 1043 2407 quae
1069 2341 1147 2386 con·
1171 2337 1204 2377 20

89 2429 248 2513 cupierat
263 2425 511 2512 optatissimum
530 2423 700 2488 interitum
717 2421 880 2494 Milonis3
906 2422 1021 2484 odium
1044 2421 1149 2486 suisse

89 2529 184 2593 illius
208 2529 242 2593 in
268 2529 360 2591 hunc
386 2523 659 2596 acerbissimum,
685 2522 815 2586 nullum
844 2522 944 2608 liujus
969 2521 1004 2584 in
1030 2521 1147 2594 illum3

89 2630 375 2696 consuetudinem
400 2627 491 2692 illius
514 2636 714 2709 perpetuam
735 2622 770 2685 in
787 2621 820 2684 vi
837 2621 1027 2694 inserenda,
1047 2622 1148 2708 hujus

89 2743 222 2797 tantum
240 2731 274 2796 in
293 2728 511 2815 repellenda3
536 2743 582 2789 52.
607 2736 748 2787 mortem
767 2723 810 2785 ab
831 2721 888 2785 illo
912 2721 1146 2785 denuntiatam

89 2829 215 2898 Miloni
240 2845 273 2897 et
297 2831 527 2917 praedicatam
555 2825 684 2912 palam,
704 2821 793 2884 nihil·
808 2841 971 2906 umquam
993 2821 1145 2884 auditum
1167 2833 1200 2890 25

90 2956 134 2997 ex
152 2932 305 3006 Milone3
331 2929 549 3016 profectionis
567 2925 667 3014 hujus
684 2923 773 2988 drem
798 2921 845 2984 illi
869 2933 998 2994 notum,
1019 2920 1145 2985 reditus

16 3111 17 3114 Ἴ
89 3031 181 3097 illius
210 3032 290 3097 huic
320 3032 475 3118 ignotum
507 3029 634 3100 suisse3
671 3023 772 3110 hujus
804 3021 866 3084 iter
898 3022 1142 3096 necessarium,
1235 3018 1237 3022 ’

90 3132 181 3197 illius
213 3133 314 3197 etiam
347 3131 457 3216 potius
490 3129 662 3199 alienum3
704 3124 796 3186 hunc
833 3141 914 3206 prae
952 3142 989 3184 se
1026 3121 1143 3184 tulisse

92 3231 148 3297 illo
165 3233 220 3296 die
237 3231 352 3296 Roma
379 3230 561 3302 exiturum,
581 3227 676 3291 illum
703 3243 744 3287 eo
767 3220 822 3286 die
847 3241 884 3284 se
909 3219 1142 3284 dissimulasse

93 3332 297 3406 rediturum
327 3330 420 3393 hunc
441 3327 567 3392 nullius
591 3326 639 3390 rei
663 3335 813 3387 mutasse
835 3319 1027 3393 consilium,
1047 3320 1141 3384 illurn
1164 3331 1199 3385 30

92 3452 230 3497 causam
249 3430 400 3495 mutandi
422 3427 541 3493 consili
561 3425 721 3498 linxisse3
752 3422 845 3496 huic,
865 3421 892 3485 si
912 3419 1141 3495 insidiaretur,

92 3543 223 3597 noctem
247 3551 353 3616 prope
369 3529 489 3594 urbem
507 3523 787 3610 exspectandam,
805 3521 868 3596 illi,
888 3520 1033 3586 etiamsi
1051 3521 1143 3585 hunc

92 3653 157 3696 non
190 3631 334 3704 timeret,
361 3641 477 3693 tamen
509 3645 687 3691 accessum
719 3622 763 3686 ad
789 3621 910 3686 urbem
939 3631 1141 3685 nocturnum

93 3730 194 3797 luisse
210 3729 444 3794 metuendum.
1030 3807 1031 3812 γ

134 3851 198 3897 xx.
224 3847 268 3894 5³.
291 3829 482 3894 Videamus
508 3845 599 3889 nunc
626 3823 678 3910 (id
703 3821 795 3908 quod
823 3830 925 3905 caput
950 3826 1019 3908 est)
1047 3821 1142 3886 locus
1163 3829 1196 3886 35

95 3933 136 4000 ad
158 3932 299 3998 insidias
325 3929 383 3994 ille
410 3927 497 4013 ipse,
515 3924 573 3990 ubi
602 3921 780 4010 congressi
805 3931 895 3993 sunt,
913 3921 979 3985 utri
1002 3921 1142 3986 taudem
