2714 4266
210 219 254 307 48
511 219 770 309 Impeachment
793 225 840 310 os
866 223 1001 289 Verres.
1096 223 1213 295 [VF-Rtt·
1234 223 1274 275 V·
1339 191 1340 196 ἵ

211 431 264 486 tus
281 433 342 498 est,
362 423 407 487 ita
423 423 533 490 sactus
551 436 584 490 et
600 426 714 491 animo
732 438 763 490 et
780 447 935 512 corpore,
950 436 987 491 ut
1004 425 1109 490 multo
1126 425 1272 510 apposi-

209 521 274 586 tior
290 524 333 587 ad
351 523 492 589 serenda
509 547 612 615 quam
627 528 671 590 ad
688 527 875 591 auferenda
889 527 990 612 signa
1004 548 1079 590 esse
1094 525 1268 590 videatur.

209 637 251 685 13.
273 621 388 709 Atque
418 625 505 690 haec
534 624 677 710 Sappho
705 627 839 689 sublata
863 638 1029 714 quantum
1054 626 1271 690 desiderium

36 811 39 816 Ι
210 723 262 787 sui
280 724 452 810 reliquerit
468 725 534 789 dici
548 727 606 790 vix
624 738 744 812 potest.
788 725 880 791 Nam
899 747 978 790 cum
996 726 1070 811 ipsa
1086 725 1148 790 suit
1164 747 1271 813 egre-

33 813 83 846 ”·’·
178 854 194 908 5
211 823 267 911 gie
285 823 387 900 facta,
405 836 477 888 tum
494 825 710 914 epigramma
728 825 901 891 Graecum
919 827 1095 912 pernobile
1116 826 1269 890 incisum

210 935 262 988 est
291 923 325 987 in
354 924 449 988 basi:
482 928 573 1012 quod
602 927 664 991 iste
693 928 845 992 eruditus
870 928 973 992 homo
998 939 1031 991 et
1055 926 1267 1000 Graeculus,

210 1023 268 1110 qui
287 1025 373 1088 haec
389 1026 555 1090 subtiliter
566 1027 710 1112 judicat,
729 1026 788 1114 qui
805 1028 897 1092 solus
915 1027 1093 1114 intellegit,
1112 1026 1140 1090 si
1157 1047 1269 1089 unam

212 1123 356 1188 litteram
385 1124 557 1190 Graecam
586 1127 717 1201 scisset,
740 1138 831 1193 certe
860 1148 929 1191 non
957 1127 1099 1191 tulisset.
1159 1125 1269 1189 Nunc
1340 1181 1341 1202 ,

211 1224 316 1299 enim,
338 1226 429 1312 quod
454 1226 616 1312 scriptum
642 1239 692 1292 est
714 1227 809 1292 inani
833 1227 868 1292 in
891 1227 981 1303 basi,
1003 1227 1155 1292 declarat
1182 1225 1270 1312 quid

162 1356 193 1393 ιο
210 1323 324 1400 suerit,
342 1336 374 1390 et
390 1325 424 1390 id
442 1328 591 1392 ablatum
608 1327 819 1434 indicat'

255 1441 297 1489 14.
322 1423 440 1511 Quid?
466 1426 602 1514 signum
620 1425 768 1493 Paeanis
784 1450 829 1493 ex
846 1428 932 1494 aede
947 1426 1149 1512 Aesculapii
1166 1447 1270 1512 prae-

212 1525 304 1591 clare
333 1526 474 1602 factum,
503 1548 639 1592 sacrum
667 1550 710 1593 ac
736 1528 951 1616 religiosum,
981 1550 1050 1592 non
1078 1524 1271 1592 sustulisti?

212 1626 304 1712 quod
316 1647 436 1691 omnes
451 1640 588 1712 propter
600 1628 888 1713 pulchritudinem
901 1628 1025 1704 visere,
1038 1639 1176 1714 propter
1189 1627 1270 1691 reli-

213 1726 351 1812 gionem
370 1728 482 1791 colere
500 1728 665 1792 solebant.
717 1725 833 1812 Quid?
865 1750 909 1793 ex
931 1729 1018 1794 aede
1042 1727 1161 1793 Liberi
1186 1727 1270 1791 sim-

164 1855 194 1906 ¹5
213 1827 368 1890 ulacrum
392 1825 542 1893 Aristaei
567 1849 635 1892 non
657 1841 715 1892 tuo
730 1829 874 1914 imperio
893 1829 1007 1914 palam
1025 1829 1176 1893 ablatum
1194 1825 1269 1891 est?

215 1924 332 2008 Quid?
363 1948 406 1991 ex
431 1928 516 1992 aede
536 1928 632 2013 Jovis
656 1927 953 2015 religiosissimum
971 1929 1193 1993 simulacrum
1207 1927 1269 2012 Jo-

213 2026 264 2090 vis
283 2027 514 2112 lmperatoris‚
533 2029 763 2113 pulcherrime
781 2028 921 2101 sactum,
941 2051 1056 2092 nonne
1077 2025 1269 2092 abstulisti?

215 2124 332 2209 Quid?
356 2148 399 2191 ex
413 2128 499 2192 aede
512 2128 674 2203 Liberae,
689 2134 705 2210 †
721 2128 997 2216 chaput
1009 2128 1093 2193 illud
1108 2128 1269 2212 pulcher-

214 2226 351 2300 rimum,
370 2227 461 2313 quod
478 2227 589 2292 visere
609 2229 819 2302 solebamus,
838 2250 920 2291 num
942 2227 1101 2293 dubitasti
1125 2224 1269 2291 tollere?

163 2356 195 2388 20
214 2325 327 2413 Atque
353 2327 410 2391 ille
439 2326 557 2392 Paean
585 2328 763 2392 sacrificiis
793 2327 1033 2392 anniversariis
1061 2326 1163 2391 simul
1188 2347 1267 2390 cum

213 2425 424 2511 Aesculapio
449 2428 540 2512 apud
570 2428 646 2493 illos
674 2428 870 2492 colebatur:
903 2424 1096 2499 Aristaeus,
1122 2425 1180 2512 qui
1214 2425 1268 2512 [ut

215 2525 340 2591 Graeci
361 2527 484 2600 serunt,
509 2525 626 2591 Liberi
649 2526 756 2614 filius]
777 2527 934 2591 inventor
953 2525 1018 2590 olei
1036 2547 1112 2590 esse
1128 2526 1264 2601 dicitur,

213 2647 282 2690 una
305 2647 383 2692 cum
401 2625 528 2692 Libero
545 2639 640 2713 patre
658 2628 749 2712 apud
767 2625 843 2690 illos
860 2625 982 2691 eodem
999 2638 1072 2690 erat
1087 2625 1123 2690 in
1138 2626 1267 2712 templo

138 2784 178 2832 .
214 2739 444 2791 consecratus·

165 2855 195 2904 ²5
259 2847 360 2891 cvm.
387 2843 426 2889 15.
446 2826 568 2913 Jovem
586 2838 699 2892 autem
717 2827 963 2911 Imperatorem
983 2837 1112 2914 quanto
1137 2826 1265 2892 honore

214 2927 248 2991 in
270 2950 333 2992 suo
357 2927 483 3012 templo
507 2927 612 2991 fuisse
637 2925 869 2991 arbitramini?
917 2924 1085 2993 Conicere
1110 2928 1262 3011 potestiS,

213 3027 240 3092 si
265 3027 436 3093 recordari
464 3027 637 3090 volueritis
666 3040 792 3112 quanta
821 3025 988 3114 religione
1017 3027 1116 3090 fuerit
1142 3027 1263 3090 eadem

213 3128 326 3213 specie
345 3148 384 3191 ac
398 3127 506 3191 sorma
524 3126 660 3214 signum
679 3126 775 3199 illud,
791 3127 882 3213 quod
900 3148 943 3190 ex
957 3125 1166 3290 Macegonia
1184 3147 1263 3212 cap-

212 3241 282 3291 tum
315 3227 350 3291 in
381 3225 552 3313 Capitolio
578 3238 737 3312 posuerat
760 3225 989 3291 Flamininus.
1040 3225 1175 3290 Eenim
1199 3228 1261 3291 tria

165 3354 198 3404 30
213 3328 407 3392 serebantur
430 3328 464 3391 in
489 3328 570 3392 orbe
595 3339 762 3391 terrarum
791 3325 890 3413 signa
919 3327 1014 3412 Jovis
1045 3325 1261 3411 imperatoris

212 3449 281 3491 uno
297 3427 331 3491 in
349 3449 476 3514 genere
494 3427 723 3512 pulcherrime
741 3426 852 3490 iacta:
878 3447 982 3490 unum
1001 3426 1084 3491 illud
1098 3426 1260 3492 Macedo·

212 3528 341 3601 nicum,
364 3528 455 3614 quod
477 3528 512 3590 in
537 3527 706 3612 Capitolio
732 3527 900 3598 vidimus3
935 3527 1078 3590 alterum
1103 3527 1136 3590 in
1163 3526 1259 3591 Ponti

214 3650 270 3691 ore
288 3638 320 3690 et
336 3628 522 3714 angustiis;
548 3627 696 3699 tertium,
715 3627 805 3711 quod
823 3625 1007 3710 Syracusis
1025 3641 1102 3689 ante
1116 3625 1259 3691 Verrem

214 3739 402 3813 praetorem
421 3726 493 3789 fuit.
544 3723 632 3787 Illud
648 3724 864 3787 Flamininus
882 3725 925 3786 ita
943 3747 986 3787 ex
1004 3726 1089 3788 aede
1107 3746 1170 3789 sua
1190 3748 1261 3790 sus-

168 3848 200 3902 35
214 3826 300 3896 tulit,
326 3837 363 3886 ut
390 3824 423 3886 in
453 3823 635 3906 Capitolio,
665 3823 729 3884 hoc
757 3835 820 3894 est,
851 3822 884 3885 in
913 3823 1061 3886 terrestri
1089 3825 1259 3890 domicilio

211 3923 306 4008 Jovis
330 3935 480 4008 poneret.
542 3919 646 4004 Qud
671 3931 784 3983 autem
810 3931 860 3983 est
884 3921 928 3985 ad
951 3921 1123 3987 introitum
1148 3922 1256 4001 Ponti,
