2716 4266
76 195 112 240 v.
145 186 197 258 ις]
346 188 552 278 ΙΙῑίιιῐίςηιίγ
576 193 623 276 of
637 191 693 258 the
722 191 875 281 Charge.
1079 209 1141 280 225

75 409 169 454 cum
187 389 322 476 optimis
339 390 510 465 fratribus,
529 414 572 458 ne
597 414 674 460 cum
701 394 766 460 hoc
789 394 834 460 Τ.
854 392 1012 462 Broccho
1036 417 1144 460 avun-

75 489 183 564 culo,
203 513 244 554 ne
267 512 348 572 cum
368 491 441 578 ejus
469 493 538 561 filio
565 495 770 562 consobrino
799 517 874 572 suo,
894 518 936 561 ne
965 496 1143 564 nobiscum

78 587 205 654 vivat?
229 611 272 657 ne
289 591 331 654 sit
346 590 380 654 in
398 591 530 676 patria?
576 591 670 658 Num
689 594 762 660 est?
790 617 871 660 num
899 609 1008 683 potest
1033 598 1145 684 magis

77 709 209 782 carere
239 689 291 756 his
318 691 477 758 omnibus
505 714 609 779 quam
638 693 752 760 caret?
801 696 900 762 Italia
923 697 1144 783 prohibetur3

78 789 238 854 exsulat.
286 789 368 855 Non
385 803 419 856 tu
437 815 521 881 ergo
538 816 617 858 eum
643 795 753 881 patria
778 797 927 882 privare,
946 818 1014 884 qua
1038 812 1143 872 caret,
1164 827 1179 882 ς

78 891 152 956 sed
170 889 238 954 vita
253 891 315 956 vis
362 909 404 968 η.
436 892 484 958 At
499 894 589 960 istud
606 917 649 960 ne
668 895 760 982 apud
781 919 860 962 eum
880 897 1019 984 quidem
1040 898 1146 964 dicta-

79 1003 213 1065 torem,
236 991 293 1076 qui
324 994 436 1072 omnis
467 1016 553 1080 quos
581 996 702 1062 oderat
726 1010 842 1064 morte.
858 998 1036 1074 multabat,
1054 998 1146 1084 quis·

79 1111 196 1178 quarn
213 1091 284 1178 egit
300 1092 362 1160 isto
379 1095 491 1160 modo.
533 1095 613 1180 Ipse
635 1096 778 1184 jubebat
794 1098 903 1164 occidi
921 1099 1015 1162 nullo
1033 1111 1147 1184 postu-

81 1193 205 1265 lante3
232 1195 395 1277 praemiis
406 1195 507 1261 etiam
523 1195 708 1262 invitabat:
733 1219 822 1284 quae
836 1209 950 1264 tamen
964 1199 1147 1264 crudelitas

83 1294 134 1358 ab
153 1293 220 1358 hoc
236 1294 358 1360 eodem
379 1295 506 1383 aliquot
532 1299 632 1364 annis
657 1310 745 1384 post,
764 1319 866 1384 quem
893 1310 928 1363 tu
954 1320 1045 1364 nunc
1071 1320 1147 1376 cru·
1166 1341 1198 1380 ,0

82 1393 206 1458 delen]
224 1416 299 1461 esse
315 1394 386 1471 vic,
395 1395 568 1463 vindicata
586 1410 648 1464 est.
690 1417 727 1461 v.
757 1397 858 1485 ‘Ego
875 1419 956 1463 vero
973 1397 1061 1464 istud
1079 1421 1146 1462 non
1222 1404 1224 1408 ’

83 1496 252 1582 postu10,'
268 1497 414 1583 inquies.
472 1497 524 1562 Ita
548 1519 604 1562 me
629 1498 769 1564 hercule
798 1499 968 1574 existimo,
991 1498 1145 1566 Tubero.

83 1595 186 1662 Novi
202 1595 305 1662 ‘enim
332 1609 377 1673 te,
399 1597 478 1664 novi
507 1609 654 1684 patrem,
678 1598 757 1665 novi
786 1599 925 1664 domum
953 1620 1148 1686 nomenque

83 1710 264 1770 vestrum
302 1699 415 1764 studia
440 1699 578 1784 generis
603 1720 645 1764 ac
670 1699 820 1764 familiae
845 1711 977 1764 vestrae
1002 1700 1146 1774 virtutis,

85 1799 327 1876 humanitatis,
347 1799 534 1874 doctrinae,
554 1798 779 1884 plurimarum
797 1799 918 1864 artium
937 1810 1039 1885 atque
1063 1800 1148 1885 opti·
1168 1831 1199 1885 15

86 1911 340 1973 marum,.nota
358 1898 440 1962 mihi
459 1911 548 1964 sunt.
594 1913 637 1960 1³.
653 1899 786 1986 ¹Itaque
805 1911 896 1964 certo
912 1899 983 1964 scio
1000 1921 1060 1964 vos
1080 1922 1149 1963 non

86 2010 209 2085 petere
237 1999 458 2087 sanguinem,
482 1999 543 2063 sed
573 2020 693 2083 parum
721 1999 904 2065 attenditis,
954 1999 1027 2066 Res
1055 2000 1147 2064 enim

87 2121 134 2164 eo
151 2093 295 2184 spectat,
313 2111 349 2164 ut
365 2119 406 2164 ea
424 2119 548 2184 poena,
567 2098 603 2162 in
618 2120 688 2185 qua
705 2100 817 2165 adhuc
836 2097 1063 2187 QLigarius
1083 2113 1146 2174 est,

87 2221 162 2264 non
195 2199 379 2265 videamini
410 2220 486 2263 esse
516 2199 699 2264 contenti..
739 2198 840 2284 Quae
869 2211 920 2264 est
948 2199 1052 2286 igitur
1080 2199 1148 2264 alia

90 2311 229 2384 praeter
259 2297 426 2369 mortem?
473 2297 512 2363 Si
542 2299 634 2362 enim
663 2298 774 2364 estin
803 2299 937 2374 exsilio,
960 2299 1057 2364 sicuti
1082 2311 1145 2375 est,
1167 2326 1201 2364 κο

90 2400 175 2486 quid
204 2402 351 2486 amplius
376 2397 577 2484 postulatis?
623 2397 695 2469 An,
725 2421 767 2464 ne
798 2399 1018 2487 ignoscatur?
1070 2399 1148 2466 Hoc

92 2522 176 2566 vero
198 2501 303 2566 multo
328 2494 486 2566 acerbius
512 2499 685 2586 multoque
705 2511 755 2564 est
777 2500 906 2565 durius.
956 2498 1061 2584 Qod
1085 2522 1147 2566 nos

97 2599 227 2689 [domi]
248 2602 418 2687 petimus.
440 2599 612 2685 precibus,
642 2599 804 2676 lacrimis,
832 2599 925 2664 strati
954 2600 998 2665 ad
1025 2601 1144 2684 pedes,

92 2714 251 2768 nontam
284 2715 422 2768 nostrae
452 2720 578 2764 causae
602 2699 745 2764 fidentes
768 2721 871 2786 quam
896 2699 997 2786 hujus
1025 2700 1147 2764 huma·

91 2802 203 2878 nitati,
231 2803 267 2869 id
292 2825 343 2868 ne
361 2803 582 2888 impetremus
608 2800 839 2886 oppugnabis,
864 2811 897 2864 et
927 2799 960 2864 in
994 2811 1144 2864 nostrum
1164 2817 1197 2873 ²5

90 2903 209 2968 fletum
234 2905 422 2988 inrumpere,
441 2911 474 2969 et
497 2921 560 2967 nos
580 2899 727 2988 jacentis
752 2900 795 2966 ad
821 2899 926 2984 pedes
950 2898 1145 2984 supplicum

90 3025 178 3070 voce
195 3001 414 3092 prohibebis?
459 3019 501 3068 14.
528 2994 580 3076 Si,
595 3021 674 3065 cum
692 3001 758 3064 hoc
774 2998 867 3066 domi
884 2998 1088 3074 faceremus,
1101 3037 1145 3048 -

91 3105 185 3192 quod
207 3116 241 3170 et
257 3105 406 3173 fecimus
431 3112 476 3179 et,
492 3112 531 3166 ut
551 3122 668 3186 spero,
687 3120 756 3164 non
781 3099 904 3164 frustra
929 3098 1085 3174 fecimus
1099 3137 1145 3149 -

90 3215 129 3270 tu
145 3203 463 3292 repente-inruisses
480 3214 513 3266 et
527 3201 681 3268 clamare
697 3198 892 3285 coepisses:
917 3197 977 3264 Ὅ.
998 3195 1141 3274 Caesar,

91 3323 177 3372 cave
201 3305 376 3394 ignoscas,
394 3313 527 3373 cavete
544 3301 686 3368 fratrum
703 3322 765 3386 pro
782 3297 894 3365 fratris
913 3299 1022 3364 salute
1046 3299 1144 3364 obse·
1161 3317 1196 3376 30

92 3406 260 3472 crantiurn
287 3403 469 3479 misereat,’
496 3423 610 3468 nonne
626 3423 764 3466 omnem
786 3399 1034 3465 humanitatem
1060 3420 1144 3462 exu-

91 3504 199 3575 isses?
250 3503 390 3590 Quanto
414 3504 480 3568 hoc
503 3501 634 3576 durius,
660 3501 753 3588 quod
777 3523 840 3567 nos
865 3499 958 3566 domi
983 3497 1140 3584 petimus,

91 3605 126 3671 id
150 3618 182 3670 te
206 3606 241 3670 in
266 3606 338 3670 foro
357 3621 578 3690 oppugnare,
600 3613 632 3665 et
656 3601 690 3665 in
714 3601 773 3664 tali
798 3601 934 3668 miseria
960 3599 1141 3664 multorum

92 3705 285 3791 perfugium
305 3701 557 3771 misericordiae
581 3699 720 3767 toliere!
770 3700 892 3766 Dicam
919 3700 1035 3786 plane,
1054 3697 1142 3764 Cae·

92 3826 160 3880 sar,
183 3804 438 3891 quodsentio..
471 3819 515 3866 1⁵.
542 3801 581 3866 Si
607 3801 641 3868 in
677 3799 781 3888 [hac]
808 3813 900 3866 tanta
925 3813 983 3865 tua
1008 3799 1141 3864 fortuna
1157 3817 1191 3874 35

91 3906 321 3979 ienitestanta
337 3925 405 3978 uon
422 3914 524 3978 esset,
543 3922 646 3988 quam
663 3911 699 3964 tu
716 3912 837 3986 perte,
859 3921 921 3986 per
937 3913 969 3966 te
986 3900 1140 3987 inquam,

604 4013 632 4060 ις
