2714 4266
189 202 230 266 16
511 202 669 289 Deffcncc
692 203 739 288 of
753 200 912 267 Roscius.
1049 195 1155 266 [Rosc.
1178 196 1245 248 Au.

189 403 269 468 mihi
302 403 447 492 indigna
479 414 512 468 et
543 401 771 468 intolerabilia
802 401 975 474 videntur,
1004 419 1160 486 quaeque
1195 398 1245 461 ad

187 506 311 580 omnis,
334 505 399 568 nisi
425 504 656 588 providemus,
676 503 819 566 arbitror
839 502 1020 585 pertinere,
1040 521 1081 563 ea
1102 520 1160 584 pro
1183 520 1245 561 me

187 606 261 691 ipso
278 628 321 670 ex
340 604 444 668 animi
463 603 529 666 mei
547 624 650 666 sensu
668 623 709 666 ac
726 603 841 666 dolore
859 599 1061 684 pronunti03
1086 619 1175 684 quae
1195 598 1243 661 ad

188 706 289 793 hujus
308 705 397 769 vitae
408 696 569 791 '[casum]
589 723 728 766 causam
750 700 852 788 [que]
873 699 1077 784 pertineant,
1099 710 1131 762 et
1154 698 1244 783 quid

158 805 245 881 shic
268 827 329 891 pro
353 827 390 870 se
415 803 481 870 dici
505 803 597 876 velit,
621 813 653 864 et
673 822 740 886 qua
761 800 962 864 condicione
983 811 1159 862 contentus
1180 798 1239 872 sit,

194 905 265 992 jam
301 904 335 969 in
369 917 521 969 extrema
553 902 705 966 oratione
738 913 865 972 nostra,
896 899 1042 986 judices,
1077 897 1239 962 audietis.

101 1063 103 1068 .
188 1024 275 1069 xnv.
299 1022 340 1067 41.
363 1004 439 1092 Ego
456 1005 543 1068 haec
560 1024 579 1067 a
597 1001 842 1088 ChrysogonO,
862 1019 939 1063 mea
956 1009 1088 1083 sponte,
1107 1009 1242 1062 remoto

189 1104 273 1168 Sex.
304 1104 446 1177 Roscio,
479 1125 628 1190 quaero:
670 1094 922 1186 primum‚'qua
945 1119 982 1164 re
1003 1097 1087 1161 civis
1117 1095 1243 1181 optimi

189 1205 278 1268 bona
310 1205 497 1277 venierint3
539 1203 675 1276 deinde,
709 1223 777 1288 qua
810 1219 846 1263 re
879 1197 1027 1262 hominis
1059 1196 1146 1284 ejuS,
1180 1196 1242 1282 qui

143 1329 172 1366 ro
189 1325 297 1390 neque
307 1305 529 1390 proscriptus
546 1324 657 1389 neque
675 1303 766 1386 apud
784 1297 999 1365 adversarios
1019 1297 1151 1362 occisus
1172 1308 1239 1370 est,

189 1404 278 1469 bona
291 1404 469 1479 venierint,
486 1425 562 1468 cum
577 1404 612 1466 in
625 1425 683 1468 eos
697 1404 787 1468 solos
801 1403 858 1466 lex
872 1400 996 1484 scripta
1014 1397 1076 1470 sit;
1097 1396 1238 1471 deinde,

188 1526 294 1590 quare
320 1505 492 1590 aliquanto
517 1516 592 1587 post
616 1525 692 1567 eam
721 1504 812 1568 diem
839 1499 1019 1572 venierint,
1047 1517 1135 1583 quae
1164 1496 1241 1560 dies

189 1605 223 1668 in
248 1606 326 1691 lege
352 1604 530 1689 praefinita
556 1615 626 1678 est;
659 1603 796 1676 deinde,
823 1623 883 1666 cur
904 1600 1034 1665 tantulo
1055 1597 1237 1662 venierint.

191 1703 292 1790 Qae
309 1703 425 1769 omnia
443 1703 483 1777 si,
498 1725 598 1789 quem
618 1703 661 1766 ad
680 1704 817 1767 modum
836 1704 945 1768 solent
961 1699 1071 1764 liberti
1088 1718 1239 1784 nequam

142 1827 172 1881 15
190 1816 222 1869 et
238 1804 381 1888 improbi
400 1802 525 1875 facere,
541 1802 575 1865 in
593 1814 772 1886 patronum
791 1825 889 1867 suum
907 1800 1051 1866 voluerit
1068 1799 1237 1872 conferre,

190 1904 273 1968 nihil
298 1903 427 1990 egerit:
460 1923 560 1966 nemo
585 1914 635 1966 est
657 1902 748 1966 enirn
765 1903 821 1988 qui
840 1902 969 1969 nesciat
985 1914 1123 1986 propter
1139 1919 1240 1986 mag-

189 2004 376 2068 nitudinem
400 2024 513 2066 rerum
535 2003 640 2066 multa
666 2003 789 2067 multos
813 2002 927 2067 furtim
950 2003 1165 2089 imprudente
1191 1999 1236 2064 L.

189 2104 287 2170 Sulla
312 2102 535 2166 commisisse.

233 2219 279 2266 aa.
303 2201 422 2266 Placet
453 2201 556 2288 igitur
587 2202 620 2265 in
650 2201 703 2266 his
728 2203 828 2267 rebus
854 2203 982 2290 aliquid
1008 2201 1239 2289 imprudentia

141 2300 394 2390 zopraeteriri?
441 2301 522 2365 Non
561 2302 684 2387 placet,
718 2302 865 2390 judices,
903 2304 964 2369 sed
999 2325 1140 2369 necesse
1172 2315 1234 2367 est.

189 2404 324 2469 Etenim
353 2401 381 2466 si
406 2401 563 2488 Juppiter
591 2402 738 2487 optimus
767 2403 953 2478 maximus
977 2404 1074 2492 cujus
1099 2415 1180 2468 nutu
1206 2413 1239 2467 et

190 2503 327 2568 arbitrio
345 2503 479 2566 caelum
496 2514 584 2566 terra
602 2503 780 2588 mariaque
803 2516 980 2590 reguntur,
1001 2525 1104 2590 saepe
1128 2503 1238 2568 ventis

188 2602 500 2668 vehementioribus
534 2613 591 2665 aut
623 2603 855 2668 immoderatis
888 2605 1145 2688 tempestatibus
1180 2615 1239 2668 aut

189 2704 294 2768 nimio
312 2704 426 2768 calore
444 2713 501 2765 aut
517 2702 721 2766 intolerabili
740 2703 867 2789 frigore
889 2705 1084 2770 hominibus
1108 2705 1236 2778 nocuit,

141 2804 281 2877 zsurbis
313 2802 450 2876 delevit,
481 2802 598 2886 fruges
630 2803 789 2886 perdidit,
819 2825 966 2890 quorum
995 2804 1079 2868 nihil
1108 2803 1239 2889 pernici

189 2925 294 2968 causa
326 2902 441 2966 divino
474 2901 630 2975 consiliu,
665 2902 726 2967 sed
757 2903 790 2966 vi
823 2903 898 2989 ipsa
932 2915 966 2969 et
999 2904 1238 2991 magnitudine

188 3025 301 3068 rerum
327 3002 454 3065 sactum
479 3014 659 3085 putamus3
693 3015 727 3068 at
750 3015 880 3078 contra,
906 3006 1087 3070 commoda
1115 3005 1238 3092 quibus

188 3103 314 3168 utimur
333 3103 514 3187 lucemque
534 3123 602 3187 qua
622 3103 766 3168 fruimur
784 3105 1008 3191 spiritumque
1024 3128 1126 3192 quem
1144 3106 1239 3170 duci·

166 3229 168 3234 ·
189 3225 264 3268 mus
283 3203 324 3267 ab
342 3224 382 3266 eo
399 3202 497 3266 nobis
514 3203 588 3267 dari
607 3195 708 3290 atque
732 3206 895 3290 impertiri
919 3207 1089 3282 videmus,
1101 3207 1238 3292 -quid

140 3327 171 3379 30
190 3304 352 3368 miramur
375 3302 418 3366 L.
435 3302 582 3379 Sullam,
602 3326 681 3370 cum
698 3307 791 3372 solus
808 3329 880 3372 rem
897 3307 1071 3392 publicam
1089 3319 1235 3394 regeret,

188 3405 373 3489 orbemque
390 3415 556 3468 terrarum
578 3407 797 3492 gubernaret,
817 3407 1005 3493 imperique
1027 3408 1236 3495 majestatem

188 3526 292 3591 quam
310 3504 414 3570 armis
431 3519 608 3591 receperat
624 3507 760 3593 legibus
777 3507 1006 3582 confirmaret,
1027 3509 1140 3594 aliqua
1166 3507 1237 3571 ani·

190 3606 401 3670 madvertere
426 3628 493 3670 non
519 3605 691 3690 potuisse?
737 3605 813 3671 Nisi
837 3607 902 3671 hoc
925 3608 1046 3672 mirum
1065 3621 1127 3680 est,
1146 3609 1237 3694 quod

189 3705 240 3767 vis
268 3704 385 3767 divina
414 3703 555 3789 adsequi
585 3727 652 3769 non
682 3706 800 3789 possit,
827 3705 854 3768 si
887 3706 921 3769 id
954 3727 1050 3770 mens
1086 3708 1236 3774 humana

141 3827 172 3878 35
192 3803 314 3885 adepta
340 3824 407 3865 non
432 3803 485 3865 sit.

235 3915 281 3962 43.
304 3898 448 3974 Vereor,
464 3899 611 3986 judices,
631 3923 673 3966 ne
696 3901 771 3986 quis
794 3902 980 3986 imperitior
997 3904 1167 3969 existimet
1183 3925 1236 3969 me
