2714 4266
190 173 234 238 62
415 170 595 258 Pompey’s
618 167 785 254 Military
814 165 1018 236 Command.
1111 165 1252 238 [MANJL-
1333 241 1334 246 ἵ

190 373 360 461 persecuti
389 383 487 439 sunt:
519 392 580 436 vos
602 370 755 457 legatum
778 368 873 436 omni
897 368 1066 456 supplicio
1088 367 1253 434 intersec-

190 486 260 538 tum
279 471 499 559 relinquetis?
545 489 586 535 12.
609 469 733 536 Videte
753 492 809 544 ne,
829 482 865 534 ut
883 470 951 534 illis
975 469 1251 555 pulcherrimum
1334 489 1335 516 ³

191 574 254 642 suit
270 585 398 638 tantam
417 573 513 637 vobis
530 571 651 658 imperi
668 571 814 658 gloriam
832 571 980 646 tradere,
999 570 1048 634 sic
1066 570 1162 634 vobis
1180 581 1254 632 tur-

192 675 369 760 pissimum
395 673 449 748 sit,
476 673 510 737 id
536 673 627 760 quod
655 671 837 756 accepistis
864 671 949 734 tueri
978 681 1011 734 et
1041 689 1252 734 conservare

162 796 261 856 5non
286 795 398 858 posse.

238 871 356 958 Quid?
383 873 474 959 quod
498 874 592 938 salus
616 872 785 938 sociorum
807 893 979 936 summum
1000 870 1033 934 in
1054 870 1252 956 periculum

193 993 235 1037 ac
251 972 435 1038 discrimen
449 984 602 1048 vocatur,
616 993 684 1059 quo
700 972 839 1036 tandem
857 970 973 1036 animo
989 970 1078 1034 serre
1095 967 1253 1035 debetis?

194 1072 322 1159 Regno
345 1083 397 1136 est
420 1073 585 1156 expulsus
608 1071 863 1136 Ariobarzanes
886 1092 961 1144 rex,
986 1070 1100 1136 socius
1127 1070 1252 1155 populi
1335 1061 1336 1068 ἵ

195 1170 345 1236 Romani
363 1183 463 1257 atque
480 1173 633 1245 amicus;
658 1171 837 1235 imminent
853 1164 921 1235 duo
941 1191 1043 1257 reges
1066 1169 1125 1234 toti
1142 1167 1253 1234 Asiae

147 1303 178 1340 10
194 1293 264 1336 non
283 1272 393 1336 solum
415 1272 511 1337 vobis
531 1270 770 1344 inimicissimi,
789 1270 850 1336 sed
874 1270 977 1334 etiarn
1002 1270 1123 1334 vestris
1147 1269 1252 1335 sociis

195 1383 296 1457 atque
314 1371 433 1436 amicis
446 1395 454 1446 ;
480 1372 634 1436 civitates
650 1382 765 1436 autem
777 1391 898 1435 omnes
911 1381 1036 1436 cuncta
1047 1367 1134 1433 Asia
1149 1381 1253 1456 atque

195 1469 345 1536 Graecia
362 1483 512 1537 vestrum
529 1471 696 1535 auxilium
719 1481 920 1556 exspectare
944 1481 1083 1555 propter
1105 1469 1252 1555 periculi

197 1571 470 1658 magnitudinem
486 1584 676 1660 coguntur3
702 1570 943 1655 imperatorem
960 1589 981 1634 a
997 1569 1095 1636 vobis
1119 1581 1253 1634 certum

197 1671 396 1756 deposcere,
418 1692 495 1736 cum
517 1670 717 1757 praesertim
736 1691 797 1736 vos
818 1667 922 1734 alium
945 1669 1117 1746 miseritis
1139 1689 1252 1755 neque
1337 1712 1338 1758 t

150 1800 180 1854 15
198 1771 337 1846 audent,
356 1792 468 1858 neque
483 1793 521 1839 se
537 1772 572 1836 id
589 1771 703 1836 facere
720 1770 793 1835 sine
813 1792 948 1836 summo
972 1769 1125 1855 periculo
1150 1790 1252 1854 posse

198 1873 413 1937 arbitrantur.
426 1893 440 1942 r
462 1888 503 1935 ra.
525 1872 655 1938 Vident
670 1884 703 1936 et
719 1872 867 1936 sentiunt
884 1872 949 1936 hoc
965 1871 1056 1936 idem
1070 1871 1162 1958 quod
1175 1892 1250 1944 vos,

196 1995 358 2037 -unum
375 1973 485 2038 virum
501 1994 591 2047 esse,
610 1973 644 2036 in
661 1994 728 2058 quo
745 1993 878 2036 summa
896 1972 963 2036 sint
978 1959 1108 2046 omnia,
1122 1982 1157 2035 et
1172 1992 1252 2034 eum

198 2085 335 2159 propter
352 2093 440 2148 esse,
458 2095 526 2159 quo
543 2072 644 2138 etiam
662 2084 779 2137 carent
796 2073 954 2158 aegrius3
987 2072 1084 2159 cujus
1103 2071 1253 2135 adventu
1338 2133 1339 2156 ᾖ

199 2175 273 2259 ipso
298 2185 398 2261 atque
423 2173 574 2246 nomine,
592 2171 726 2236 tametsi
751 2171 808 2236 ille
833 2173 877 2236 ad
898 2171 1105 2236 maritimum
1122 2171 1252 2237 bellum

150 2301 183 2336 ω
199 2273 341 2347 venerit,
359 2283 473 2337 tamen
490 2271 637 2357 impetus
653 2272 800 2337 hostium
822 2294 997 2357 repressos
1020 2292 1097 2336 esse
1120 2271 1252 2336 intelle·
1338 2297 1339 2340 t

200 2385 286 2462 gunt
302 2393 343 2438 ac
359 2373 558 2437 retardatos.
609 2371 656 2436 Hi
672 2393 747 2447 vos,
765 2373 927 2458 quoniam
946 2373 1051 2438 libere
1068 2371 1161 2458 loqui
1183 2393 1251 2436 non

200 2477 291 2548 licet,
314 2474 415 2538 tacite
439 2483 574 2560 rogant,
592 2485 629 2537 ut
645 2494 681 2537 se
698 2494 847 2558 quoque,
865 2473 951 2537 sicut
967 2484 1158 2537 ceterarum
1175 2493 1252 2557 pro-

200 2575 389 2639 vinciarum
415 2573 538 2644 socios,
563 2572 687 2658 dignos
712 2572 924 2646 existimetis
942 2594 1087 2659 quorum
1106 2574 1250 2638 salutem

200 2675 259 2740 tali
281 2675 354 2738 viro
376 2672 643 2746 commendetis;
672 2683 773 2757 atque
797 2673 862 2736 hoc
884 2673 986 2737 etiam
1012 2673 1137 2760 magis,
1161 2673 1250 2758 quod

153 2801 184 2852 25
201 2789 331 2840 ceteros
347 2773 382 2837 in
399 2772 610 2857 provinciam
627 2772 701 2859 ejus
719 2772 810 2836 modi
828 2772 984 2837 homines
1005 2794 1083 2837 cum
1107 2773 1250 2858 imperio

201 2875 377 2948 mittimus
395 2884 431 2936 ut
447 2872 548 2936 etiam
567 2872 594 2935 si
619 2873 661 2936 ab
686 2872 781 2936 hoste
806 2871 1004 2948 defendant,
1023 2886 1137 2937 tamen
1162 2872 1251 2958 ipso-

200 2997 276 3040 rum
297 2975 463 3039 adventus
484 2971 516 3034 in
538 2971 630 3035 urbis
651 2971 819 3036 sociorum
845 2995 913 3036 non
938 2974 1081 3037 muitum
1107 2973 1150 3038 ab
1175 2973 1251 3037 hos-

200 3076 249 3142 tili
281 3072 537 3160 expugnatione
568 3071 738 3135 differant.
790 3071 893 3137 Hunc
924 3073 1109 3137 audiebant
1136 3084 1248 3147 antea,

201 3195 294 3240 nunc
310 3183 525 3258 praesentem
542 3171 670 3246 vident,
685 3183 777 3236 tanta
795 3173 1030 3256 temperantia,
1046 3183 1139 3237 tanta
1156 3193 1249 3236 man-

154 3301 187 3352 30
202 3274 393 3347 suetudine,
412 3283 505 3335 tanta
523 3271 746 3344 humanitate,
764 3282 800 3336 ut
816 3271 846 3336 ei
863 3272 1049 3337 beatissimi
1067 3295 1142 3338 esse
1160 3272 1250 3337 vide·

202 3388 314 3448 antur,
333 3372 424 3457 apud
440 3393 525 3457 quos
542 3371 599 3434 ille
616 3370 804 3435 diutissime
821 3385 1061 3436 commoratur.

246 3495 296 3539 vr.
323 3489 365 3536 14.
390 3470 471 3557 Qua
483 3492 520 3534 re
537 3470 564 3534 si
582 3481 718 3555 propter
734 3471 858 3544 socios,
873 3472 966 3536 nulla
984 3472 1048 3556 ipsi
1065 3472 1187 3560 injuria
1204 3473 1250 3538 la·

202 3574 328 3649 cessiti,
351 3573 497 3659 majores
522 3569 625 3634 nostri
655 3591 734 3633 cum
760 3567 942 3646 Antioch0,
971 3593 1047 3635 cum
1078 3572 1247 3658 Philippo,

203 3697 281 3740 cum
301 3671 446 3744 Aetolis,
466 3691 544 3732 cum
564 3668 690 3733 Poenis
713 3667 804 3733 bella
829 3683 1022 3754 gesserunt,
1040 3683 1168 3758 quanto
1192 3693 1249 3736 vos

157 3799 189 3852 35
204 3774 314 3837 studio
343 3771 501 3835 convenit
529 3768 660 3854 injuriis
689 3780 889 3850 provocatos
914 3770 1083 3833 sociorum
1108 3771 1248 3836 salutem

203 3892 272 3936 una
297 3891 376 3934 cum
400 3866 520 3951 imperi
538 3865 639 3930 vestri
657 3865 821 3951 dignitate
839 3867 1033 3940 defendere,
1053 3869 1248 3953 praesertim
