2668 4262
211 241 275 307 130
496 221 710 309 Conspt'racy
735 221 783 307 eff
801 219 964 287 Catilina,
1066 214 1189 286 [Corn.
1208 212 1246 264 lv.

208 445 291 490 casu
308 422 364 488 bic
381 423 454 489 dies
479 424 522 489 ad
547 423 717 488 aerarium
742 421 1001 509 frequentasset,
1019 419 1123 484 video
1141 416 1185 481 ab
1201 437 1252 480 ex·

208 525 417 611 spectatione
440 523 538 588 sortis
555 524 599 587 ad
624 525 767 587 salutem
791 543 1007 587 communem
1026 541 1102 585 esse
1120 537 1254 584 conver-

209 648 276 690 sos.
336 641 378 688 lo.
411 623 534 689 Omnis
560 623 789 710 ingenuorum
819 624 914 688 adest
941 621 1133 694 multitudo,
1161 617 1254 682 etiam

208 725 496 790 tenuissimorum.
548 721 638 808 Quis
663 736 714 788 est
737 724 828 788 enim
846 724 900 788 cui
918 745 985 788 non
1012 724 1096 786 baec
1117 719 1255 803 templa,

175 854 189 906 ς
210 838 367 910 aspectus
391 825 498 898 urbis,
517 824 689 909 possessio
713 825 889 897 libertatis,
914 825 974 887 lux
998 822 1150 907 denique
1177 821 1257 882 baec

209 926 283 1011 ipsa
307 938 339 990 et
359 925 461 1013 [boc]
483 946 665 989 commune
690 925 820 1012 patriae
837 926 961 1001 solum,
980 921 1058 988 cum
1082 922 1127 986 sit
1145 939 1257 984 carum

208 1037 279 1091 tum
297 1047 378 1090 vero
395 1027 496 1090 dulce
520 1037 619 1113 atque
633 1023 857 1113 jucundum?
878 1001 948 1102 [s

254 1147 333 1190 vrri.
368 1126 506 1211 Operae
531 1126 676 1211 pretium
702 1138 765 1201 est,
784 1137 897 1211 patres
921 1122 1116 1208 conscripti,
1137 1116 1259 1184 liberti·

210 1248 331 1291 norum
357 1227 534 1291 hominum
564 1227 675 1291 studia
707 1246 930 1313 cognoscere,
956 1225 1027 1310 qui,
1053 1245 1116 1288 sua
1143 1219 1259 1284 virtute

162 1353 191 1387 10
211 1326 380 1392 fortunam
399 1327 500 1414 hujus
518 1326 662 1390 civitatis
686 1326 873 1399 consecuti,
893 1327 982 1389 lianc
999 1345 1095 1388 suam
1114 1320 1258 1408 patriam

207 1427 376 1514 judicant,
388 1464 433 1474 -
445 1448 549 1513 quam
566 1427 705 1513 quidam
724 1427 780 1490 hic
792 1426 876 1499 nati,
891 1437 924 1490 et
936 1447 1070 1489 summo
1082 1425 1161 1488 loco
1179 1417 1258 1491 nati,

189 1550 279 1616 ‘non
297 1528 442 1612 patriam
468 1548 566 1591 suam
591 1527 651 1590 sed
675 1527 794 1590 urbem
821 1526 967 1590 hostium
985 1547 1060 1589 esse
1083 1523 1258 1612 judicave-

211 1641 300 1694 runt.
350 1627 420 1692 Sed
444 1628 527 1714 quid
552 1648 618 1713 ego
643 1628 746 1691 hosce
771 1626 926 1690 homines
948 1626 1155 1710 ordinesque
1173 1641 1258 1686 com·

212 1750 376 1802 memoro,
402 1749 488 1812 quos
513 1727 666 1813 privatae
688 1727 855 1799 fortunae,
882 1749 967 1812 quos
991 1724 1186 1791 communis
1209 1739 1258 1783 res

163 1851 192 1901 ις
211 1829 361 1913 publica,
381 1849 466 1913 quos
483 1827 631 1913 denique
649 1827 799 1900 libertas,
818 1847 860 1890 ea
877 1849 965 1912 quae
982 1825 1184 1890 dulcissima
1200 1830 1257 1890 est,

211 1929 423 1993 adsalutem
450 1927 578 2012 patriae
602 1926 853 1991 defendendam
883 1924 1073 1991 excitavit?
1130 1924 1258 1988 Servus

212 2039 262 2092 est
279 2050 393 2100 nemo,
412 2027 470 2113 qui
493 2027 594 2090 modo
611 2027 776 2090 tolerabili
802 2027 1003 2091 condicione
1019 2025 1062 2089 sit
1078 2022 1258 2092 servitutis,

212 2128 268 2214 qui
286 2150 354 2192 non
380 2127 562 2191 audaciam
587 2127 711 2190 civium
738 2128 987 2211 perhorrescat,
1006 2127 1064 2213 qui
1089 2148 1158 2188 non
1178 2126 1259 2188 baec

212 2241 302 2293 stare
319 2228 445 2312 cupiat,
460 2227 518 2312 qui
535 2249 602 2291 non
620 2241 784 2313 quantum
803 2228 906 2291 audet
922 2239 955 2290 et
971 2239 1133 2312 quantum
1153 2232 1259 2310 potest

163 2351 194 2384 20
213 2328 364 2394 conferat
388 2329 431 2391 ad
456 2328 599 2392 salutem
623 2327 818 2391 voluntatis.
876 2343 916 2390 ιτ.
942 2325 1022 2409 Qu
1046 2349 1083 2389 re
1106 2326 1133 2388 si
1160 2342 1257 2414 quem

212 2441 361 2493 vestrum
386 2427 471 2491 sorte
497 2439 688 2492 commovet
705 2428 782 2500 hoc,
802 2427 893 2512 quod
918 2427 1069 2490 auditum
1087 2439 1148 2500 est,
1169 2427 1258 2489 leno·

212 2551 290 2593 nem
316 2528 487 2614 quendam
514 2526 654 2591 Lentuli
687 2547 893 2591 concursare
926 2526 1052 2590 circum
1087 2527 1255 2594 tabernas,

214 2628 320 2714 pretio
337 2649 475 2718 sperare
492 2626 667 2692 sollicitari
685 2647 785 2711 posse
811 2626 943 2690 animos
968 2627 1141 2712 egentium
1160 2638 1257 2710 atque

213 2728 458 2814 imperitorum,
474 2738 579 2791 -est
595 2726 629 2790 id
654 2727 790 2812 quidem
817 2738 974 2810 coeptum
1001 2739 1101 2812 atque
1118 2737 1257 2810 tempta-

165 2853 195 2900 ες
213 2841 304 2902 tum;
330 2828 390 2892 sed
407 2827 491 2891 nulli
518 2837 596 2891 sunt
612 2826 739 2890 inventi
761 2839 830 2889 tam
849 2839 906 2890 aut
922 2825 1056 2890 fortuna
1074 2827 1187 2891 miseri
1205 2831 1258 2888 aut

213 2929 385 2992 voluntate
410 2927 544 3012 perditi,
570 2927 628 3014 qui
663 2949 730 2991 non
756 2926 852 2990 illum
886 2927 997 3012 ipsum
1031 2928 1135 2991 sellae
1160 2940 1256 3012 atque

213 3028 324 3112 operis
349 3038 382 3092 et
405 3039 566 3114 quaestus
591 3027 751 3091 cotidiani
777 3028 903 3102 locum,
922 3027 979 3112 qui
1005 3050 1073 3092 non
1092 3027 1203 3092 cubile
1221 3042 1257 3088 ae

213 3129 373 3192 lectulum
392 3128 504 3200 suum,
524 3127 580 3213 qui
603 3127 751 3214 denique
768 3149 836 3192 non
854 3148 989 3192 cursum
1010 3130 1101 3192 hunc
1117 3128 1255 3192 otiosum

212 3229 302 3291 vitae
326 3249 409 3290 suae
434 3227 567 3290 salvum
591 3249 667 3292 esse
692 3229 808 3292 velint.
870 3226 981 3292 Multo
1005 3250 1086 3292 vero
1112 3229 1255 3291 maxima

164 3351 194 3398 30
215 3349 293 3413 pars
310 3349 427 3392 eorum
450 3327 507 3413 qui
524 3326 558 3390 in
576 3328 725 3394 tabernis
742 3340 831 3404 sunt,
851 3329 956 3392 immo
973 3351 1053 3394 vero
1066 3329 1153 3393 -id
1170 3329 1254 3393 enim

214 3429 324 3512 potius
342 3440 392 3493 est
408 3428 590 3492 dicendum
602 3450 767 3515 —genus
790 3429 855 3493 lroc
872 3430 1081 3503 universum,
1102 3429 1255 3493 amantis·

214 3529 337 3592 simum
363 3539 412 3591 est
435 3529 494 3593 oti.
559 3527 693 3592 Etenim
726 3549 828 3592 omne
852 3527 1125 3603 instrumentum,
1152 3526 1253 3594 omnis

213 3649 316 3710 opera
344 3640 444 3713 atque
477 3641 637 3713 quaestus
666 3628 855 3712 frequentia
887 3629 1012 3692 civium
1041 3643 1251 3698 sustentatur,

215 3727 313 3789 alitur
330 3729 417 3791 otio:
441 3747 584 3811 quorum
602 3727 629 3789 si
647 3724 807 3810 quaestus
824 3728 971 3791 occlusis
988 3729 1137 3794 tabernis
1156 3725 1252 3792 minui

166 3845 197 3892 35
214 3825 311 3896 solet,
330 3825 411 3910 quid
429 3825 567 3888 tandem
584 3824 732 3886 incensis
749 3825 898 3888 futurum
917 3826 1007 3890 fuit?

258 3941 299 3986 ιε.
323 3923 425 4006 Quae
442 3943 521 3986 cum
537 3921 581 3984 ita
600 3921 676 3994 sint,
693 3932 805 4006 patres
822 3926 1016 4009 conscripti,
1031 3929 1127 3993 vobis
1144 3925 1252 4014 populi
