2668 4262
195 205 260 252 120
486 185 700 274 Conspz'racy
724 187 772 272 of
790 183 954 250 Catilina.
1048 181 1171 250 [CATn.
1190 180 1252 232 111·

194 399 291 454 erant
306 388 381 482 ejus
398 387 503 462 modi,
522 408 611 474 quae
635 409 704 451 non
729 387 773 451 ad
797 385 993 459 delendam,
1011 383 1073 449 sed
1091 385 1136 449 ad
1155 407 1254 450 com·
1320 359 1321 432 l

195 491 394 554 mutandam
412 510 483 553 rem
502 489 674 572 publicam
691 487 912 573 pertinerent.
949 485 1031 549 Non
1049 485 1099 550 illi
1115 488 1254 550 nullam
1320 499 1321 512 ¹

195 611 270 654 esse
287 611 358 654 rem
377 588 562 674 publicam,
582 589 642 652 sed
659 587 692 651 in
712 607 859 673 eaquae
877 597 1030 668 esset,se
1054 607 1131 651 esse
1157 587 1256 672 prin·

196 691 310 774 cipesr
336 711 447 775 neque
476 690 566 752 hanc
593 689 713 752 urbem
742 685 970 773 conflagrare,
989 688 1050 752 sed
1074 709 1112 752 se
1129 687 1166 752 in
1185 688 1256 750 hac
1320 697 1321 718 ¹

165 793 279 867 surbe
304 789 425 854 florere
450 790 641 853 voluerunt.
707 787 839 874 [Atque
867 787 947 851 illae
986 798 1102 852 tamen
1127 809 1256 852 omnes

196 889 439 963 dissensiones,
458 909 601 974 quarum
620 887 714 951 nulla
743 887 885 952 exitium
902 887 950 952 rei
968 888 1127 973 publicae
1144 908 1257 974 quae·

196 989 287 1063 sivit,
304 989 378 1077 ejus
396 989 486 1053 modi
505 987 653 1060 suerunt,
670 999 792 1052 utnon
810 988 1085 1053 reconciliatione
1107 1009 1258 1053 concor·

196 1089 288 1163 diae,
302 1089 364 1154 sed
376 1088 607 1152 internecione
624 1087 749 1152 civium
768 1088 974 1176 dijudicatae
990 1088 1088 1176 sint]
1126 1088 1167 1152 In
1187 1089 1258 1152 hoc
1320 1163 1321 1168 γ

197 1201 311 1254 autern
328 1209 396 1253 uno
414 1200 490 1274 post
503 1188 678 1253 hominum
698 1190 898 1253 memoriam
916 1189 1067 1254 maximo
1084 1189 1259 1254 crudelis·

150 1289 353 1374 rosimoque
378 1289 482 1359 bello,
499 1287 602 1373 quale
627 1288 757 1352 bellum
784 1288 879 1353 nulla
904 1309 1067 1375 umquam
1089 1289 1257 1355 barbaria
1320 1331 1321 1370 ,

198 1410 277 1453 cum
302 1409 365 1452 sua
401 1401 503 1475 gente
540 1387 658 1475 gessit,
692 1410 760 1474 quo
791 1388 826 1452 in
862 1389 952 1454 bello
983 1391 1041 1453 lex
1073 1389 1163 1453 haec
1190 1387 1259 1452 fuit
1320 1379 1321 1444 l

199 1509 219 1552 a
251 1487 411 1563 Lentulo,
438 1487 600 1561 Catilina,
629 1487 800 1576 CethegO,
838 1487 961 1554 Cassio
994 1489 1190 1562 constituta,
1218 1500 1260 1551 ut
1320 1523 1321 1534 .

198 1609 331 1662 omnes,
349 1587 406 1674 qui
431 1589 527 1652 salva
551 1575 640 1653 urbe
668 1588 755 1654 salvi
780 1609 855 1653 esse
880 1599 1032 1673 possent,
1049 1587 1085 1652 in
1103 1587 1258 1652 hostium
1320 1611 1321 1618 ¹

200 1710 341 1753 numero
368 1689 586 1764 ducerentur,
612 1689 658 1752 ita
687 1711 742 1752 me
770 1688 876 1774 gessi,
905 1687 1072 1772 QuiriteS,
1101 1699 1138 1752 ut
1165 1687 1258 1752 salvi

151 1815 180 1866 15
199 1810 319 1854 omnes
345 1788 654 1862 conservaremini3
688 1799 826 1854 etcum
853 1791 967 1854 hostes
991 1788 1094 1852 vestri
1120 1799 1258 1852 tantum

200 1889 325 1954 civium
369 1889 622 1974 superfuturum
665 1901 853 1974 putassent,
893 1901 1059 1975 quantum
1098 1887 1259 1952 infinitae
1320 1917 1321 1926 2

200 1990 297 2054 caedi
315 1989 501 2063 restitisset,
520 2001 650 2054 tantum
669 2001 782 2054 autem
805 1989 911 2064 urbis,
929 2001 1095 2076 quantum
1111 1988 1259 2052 flamma

200 2090 294 2155 obire
317 2111 384 2154 non
409 2091 585 2176 potuisset,
604 2102 637 2155 et
653 2090 773 2155 urbem
790 2101 824 2154 et
839 2089 932 2155 civis.
948 2090 1100 2176 integros
1122 2088 1260 2153 incolu-

202 2192 334 2276 misque
359 2191 506 2256 servavi.

151 2316 182 2351 20
245 2311 297 2355 x1.
322 2308 370 2355 aa.
402 2289 539 2375 Quibus
570 2312 632 2377 pro
664 2290 767 2356 tantis
790 2291 905 2364 rebus,
931 2287 1096 2373 Quirites,
1120 2288 1259 2352 nullum

202 2413 269 2478 ego
286 2413 305 2456 a
322 2392 418 2457 vobis
435 2391 624 2476 praemium
638 2390 781 2465 virtutis,
795 2391 927 2454 nullum
946 2389 1081 2475 insigne
1099 2388 1257 2462 honoriS,

202 2494 334 2556 nullum
374 2503 632 2556 monumentum
676 2491 788 2554 laudis
829 2491 975 2574 postulo,
1014 2500 1259 2574 praeterquam

204 2593 303 2680 hujus
332 2593 398 2657 diei
427 2592 627 2656 memoriam
656 2591 912 2675 sempiternam.
973 2589 1012 2652 ln
1036 2588 1160 2652 animis
1187 2609 1259 2674 ego

202 2693 322 2758 vestris
345 2692 457 2756 omnis
481 2691 671 2774 triumphos
695 2711 802 2763 meos,
827 2689 942 2754 omnia
966 2701 1167 2752 ornamenta
1193 2688 1259 2752 ho·

153 2814 183 2866 25
202 2793 307 2866 noris,
337 2803 557 2856 monumenta
589 2789 734 2876 gloriae,
760 2790 872 2854 laudis
902 2789 1054 2875 insignia
1086 2787 1189 2852 condi
1220 2800 1259 2852 et

203 2892 375 2957 conlocari
400 2891 489 2956 volo.
548 2889 646 2954 Nihil
678 2911 732 2954 me
765 2902 895 2954 mutum
928 2899 1038 2974 potest
1065 2889 1255 2962 delectare,

194 2992 287 3055 nihil
316 2991 467 3064 tacitum,
498 2990 582 3053 nihil
611 2991 760 3075 denique
792 2990 865 3076 ejus
894 2989 1000 3061 modi,
1028 2987 1120 3074 quod
1149 2987 1256 3051 etiam

203 3092 315 3156 minus
340 3091 434 3178 digni
460 3089 602 3175 adsequi
627 3089 767 3174 possint.
818 3088 989 3152 Memoria
1012 3100 1137 3160 vestra,
1165 3085 1256 3171 Qui-

203 3183 379 3268 riteS,''res
418 3204 553 3255 nostrae
582 3190 727 3264 alentur,
757 3189 972 3254 sermonibus
1001 3200 1168 3262 crescent,
1199 3187 1254 3250 lit-

155 3317 185 3368 30
203 3305 351 3357 terarum
384 3291 611 3356 monumentis
639 3291 890 3354 inveterascent
917 3301 950 3354 et
974 3288 1253 3353 conroborabun-

202 3405 276 3467 tur3
302 3393 515 3477 eandemque
533 3391 624 3456 diem
641 3389 816 3475 intellego,
835 3409 938 3474 qnam
957 3410 1057 3473 spero
1075 3400 1251 3451 aeternam

203 3493 286 3567 sore,
306 3505 531 3579 propagatam
558 3512 633 3555 esse
660 3502 692 3554 et
718 3490 761 3554 ad
788 3491 931 3554 salutem
956 3490 1049 3553 urbis
1073 3487 1164 3552 etad
1180 3507 1252 3550 me-

204 3594 347 3658 moriam
374 3591 569 3656 consulatus
596 3590 684 3663 mei;
716 3611 853 3674 unoque
881 3601 1033 3673 tempore
1062 3588 1097 3652 in
1124 3588 1251 3652 haere

203 3693 341 3778 publica
357 3692 443 3755 duos
469 3691 553 3754 civis
581 3689 762 3762 exstitisse,
781 3710 926 3774 quorum
953 3689 1038 3751 alter
1054 3688 1133 3752 finis
1149 3687 1249 3753 vestri

158 3812 188 3865 35
203 3793 324 3875 imperi
353 3813 420 3855 non
452 3801 574 3862 terrae,
608 3789 668 3852 sed
700 3789 786 3851 caeli
815 3788 1012 3872 regionibus
1040 3789 1248 3861 terminaret,

204 3892 289 3955 alter
313 3891 465 3976 ejusdem
492 3887 611 3973 imperi
637 3887 848 3952 domicilium
873 3888 1031 3973 sedisque
1056 3889 1270 3986 servaret(
