2668 4262
229 177 293 261 178
581 175 739 263 Desence
762 176 811 262 ff
823 175 927 241 ΜίΙο.
1176 170 1297 282 [mro.
1332 223 1333 254 ζ

226 381 328 453 dam,
357 378 418 444 sed
443 377 546 443 bomo
571 376 710 462 sapiens
734 388 836 464 atque
861 377 929 441 alta
949 387 982 442 et
998 375 1113 442 divina
1130 375 1282 462 quadam

227 492 340 543 mente
354 479 526 564 praeditus
541 479 646 542 multa
661 478 765 542 vidit:
783 478 888 542 fuisse
901 477 997 541 illum
1011 476 1075 542 sibi
1089 476 1281 550 inimicum,
1332 519 1333 570 3

226 579 430 643 familiarem
449 577 638 651 Milonem3
664 578 698 641 in
722 577 896 642 communi
917 577 1068 642 omnium
1092 575 1238 648 laetitia,
1256 575 1282 639 si
1332 571 1333 640 i

226 680 328 743 etiarn
347 681 418 764 ipse
436 679 615 766 gauderet,
634 678 745 742 timuit
761 699 804 742 ne
821 678 993 742 videretur
1009 676 1173 740 infirmior
1198 675 1284 740 fides

168 796 183 853 ς
227 781 466 844 reconciliatae
483 779 636 866 gratiae3
663 778 768 842 multa
785 778 887 843 etiam
906 778 974 842 alia
996 777 1091 852 vidit,
1109 777 1170 842 sed
1199 777 1284 840 illud
1332 791 1333 872 q

227 881 390 954 maxime,
419 879 578 967 quamvis
607 879 766 944 atrociter
792 878 866 964 ipse
898 879 1040 953 tulisset,
1071 900 1133 942 vos
1163 889 1285 942 tamen

226 980 353 1044 fortiter
376 981 600 1070 judicaturos.
652 978 771 1066 Itaque
799 979 928 1068 delegit
960 1001 1003 1044 ex
1033 978 1286 1044 florentissimis

226 1080 400 1145 ordinibus
417 1081 492 1165 ipsa
510 1079 661 1144 lumina:
687 1102 798 1168 neque
810 1102 904 1155 vero,
919 1081 1009 1168 quod
1026 1102 1094 1146 non
1111 1081 1200 1144 nulli
1213 1080 1288 1144 dic·

226 1182 335 1256 titant,
349 1181 492 1246 secrevit
508 1181 543 1244 in
552 1181 726 1269 judicibus
743 1182 901 1270 legendis
919 1183 1047 1247 amicos
1064 1202 1170 1245 meos.
1213 1181 1288 1246 Ne·

172 1310 203 1348 ro
226 1269 408 1366 que'enim
431 1282 496 1345 boc
513 1281 677 1368 cogitavit
692 1281 744 1345 vir
757 1281 986 1370 justissimus3
1003 1303 1113 1368 neque
1130 1281 1165 1345 in
1182 1281 1287 1346 bonis

225 1381 306 1444 viris
329 1381 485 1467 legendis
509 1380 544 1445 id
569 1381 712 1467 adsequi
737 1382 914 1467 potuisset,
939 1383 1040 1448 etiam
1064 1381 1093 1446 si
1117 1380 1285 1466 cupisset.

226 1480 306 1546 Non
332 1482 421 1544 enim
445 1500 520 1544 mea
545 1481 657 1568 gratia
674 1481 961 1546 familiaritatibus
978 1481 1180 1555 continetur,
1193 1503 1287 1568 quae

226 1580 292 1645 late
318 1592 432 1664 patere
450 1602 517 1644 non
535 1592 691 1664 possunt,
710 1593 890 1667 propterea
908 1582 998 1668 quod
1016 1582 1286 1647 consuetudines

225 1679 334 1743 victus
348 1701 414 1743 non
432 1691 574 1763 possunt
590 1701 666 1744 esse
680 1700 759 1744 cum
778 1681 911 1756 multis3
936 1683 1009 1754 sed,
1025 1681 1053 1745 si
1069 1682 1151 1767 quid
1162 1702 1286 1765 possu-

172 1801 202 1859 ¹5
227 1801 315 1852 mus,
334 1784 377 1842 ex
394 1800 435 1843 eo
460 1801 655 1863 possumus,
674 1780 766 1866 quod
784 1801 838 1845 res
856 1782 993 1865 publica
1018 1802 1079 1845 nos
1104 1781 1285 1868 conjunxit

226 1900 303 1942 curn
328 1879 447 1942 bonis:
474 1901 518 1942 ex
541 1879 665 1964 quibus
689 1881 747 1944 ille
772 1901 850 1945 curn
867 1881 1012 1967 optimos
1028 1881 1119 1946 viros
1137 1881 1281 1968 legeret,

226 1979 328 2065 idque
355 1979 506 2043 maxime
532 1978 575 2043 ad
600 1980 704 2044 fidem
729 2001 827 2045 suam
852 1981 1022 2066 pertinere
1048 1981 1281 2054 arbitraretur,

226 2099 293 2142 non
318 2078 425 2164 potuit
449 2079 565 2164 legere
590 2100 659 2144 non
684 2080 853 2146 studiosos
878 2081 956 2145 mei.
1002 2092 1050 2139 22.
1074 2079 1181 2163 Quod
1203 2103 1284 2145 vero

225 2190 270 2252 te,
290 2177 332 2242 L.
350 2177 491 2251 Domiti,
507 2179 587 2242 huic
603 2180 794 2265 quaestioni
813 2201 974 2266 praeesse
990 2180 1141 2244 maxime
1158 2180 1281 2254 voluit,

171 2297 205 2338 20
226 2278 309 2343 nihil
341 2278 510 2364 quaesivit
536 2277 665 2367 [aliud]
693 2280 756 2344 nisi
780 2280 959 2369 justitiam,
978 2280 1197 2368 gravitatem,
1222 2281 1285 2344 hu-

226 2378 436 2452 manitatem,
452 2378 568 2442 fidem.
617 2377 714 2442 Tulit
726 2392 761 2443 ut
778 2381 994 2446 consularem
1012 2400 1153 2444 necesse
1170 2392 1284 2446 esset:

226 2478 340 2552 cred0‚
360 2478 451 2563 quod
476 2477 669 2562 principum
696 2500 820 2544 munus
845 2501 919 2544 esse
949 2481 1097 2545 ducebat
1123 2481 1284 2545 resistere

225 2589 258 2642 et
282 2577 408 2641 levitati
438 2577 662 2642 multitudinis
688 2588 721 2641 et
749 2580 957 2662 perditorum
983 2579 1176 2644 temeritati.
1228 2580 1284 2644 Ex

225 2677 462 2743 consularibus
494 2690 528 2742 te
567 2677 697 2741 creavit
735 2677 970 2762 potissimum:
1010 2680 1156 2744 dederas
1189 2681 1282 2764 enim

171 2789 203 2843 25
225 2799 328 2864 quam
362 2791 598 2842 contemneres
631 2778 807 2862 popularis
839 2778 990 2842 insanias
1018 2779 1092 2868 jam
1122 2779 1167 2843 ab
1199 2781 1284 2845 adu-

226 2877 388 2942 lescentia
413 2879 619 2942 documenta
644 2877 811 2942 maxima.

269 2997 320 3042 1x.
346 2993 393 3040 23.
419 2977 535 3060 Quam
554 2978 598 3042 ob
615 2998 701 3052 rem,
716 2976 865 3065 judices,
883 2989 920 3042 ut
936 2977 1120 3064 aliquando
1138 2979 1183 3043 ad
1201 3001 1282 3044 cau-

225 3099 297 3142 sam
316 3078 512 3163 crimenque
529 3077 817 3152 veniamus,-si
837 3099 950 3163 neque
974 3078 1085 3142 omnis
1109 3078 1282 3145 confessio

225 3177 303 3242 facti
331 3189 382 3242 est
408 3177 582 3249 inusitata,
607 3197 719 3264 neque
747 3178 791 3242 de
819 3198 923 3242 causa
952 3189 1067 3242 nostra
1095 3178 1281 3265 quicquam

171 3285 206 3340 30
225 3279 321 3343 aliter
338 3298 379 3342 ac
396 3299 458 3342 nos
475 3278 644 3342 vellemus
660 3297 680 3341 a
701 3289 820 3344 senatu
841 3277 1032 3366 judicatum
1056 3289 1119 3353 est,
1138 3289 1171 3342 et
1195 3279 1282 3344 lator
1332 3321 1333 3364 t

224 3379 297 3463 ipse
329 3379 428 3465 legis
456 3399 534 3442 curn
569 3390 658 3444 esset
689 3379 919 3444 controversia
950 3379 1045 3443 nulla
1077 3377 1169 3454 facti,
1193 3379 1280 3468 juris

224 3490 338 3543 tamen
363 3479 646 3564 disceptationem
675 3501 750 3545 esse
778 3478 895 3553 voluit,
920 3489 953 3544 et
980 3479 1011 3544 ei
1039 3479 1116 3544 lecti
1145 3479 1279 3568 judices
1332 3505 1333 3508 ¹

225 3578 318 3664 isque
337 3580 551 3664 praepositus
568 3588 617 3643 est
633 3580 836 3665 quaestioni,
854 3579 913 3667 qui
930 3580 1017 3644 baec
1033 3579 1123 3668 juste
1143 3582 1279 3666 sapien-

224 3689 339 3762 terque
360 3679 538 3761 disceptet,
551 3679 774 3764 -reliquum
795 3692 858 3754 est,
872 3679 1020 3767 judices,
1039 3693 1076 3744 ut
1099 3681 1185 3746 nihil
1207 3683 1276 3771 jam

173 3784 206 3839 35
224 3797 388 3859 quaerere
415 3777 507 3839 aliud
533 3777 699 3850 debeatis,
724 3778 789 3841 nisi
814 3790 887 3842 uter
911 3779 974 3843 utri
992 3779 1133 3845 insidias
1150 3780 1275 3846 fecerit.

225 3872 330 3958 Quod
354 3895 421 3959 quo
445 3873 579 3938 facilius
600 3875 811 3960 argumentis
827 3877 1021 3962 perspicere
1037 3879 1188 3964 possitiS,
1207 3901 1276 3946 rem
