2714 4266
99 157 169 198 xrx.
188 143 246 215 5⁶·i
361 143 495 210 Terror
517 149 565 230 qs
580 147 636 212 tlte
655 147 795 212 Pirata'c
830 143 924 212 War.
1121 161 1162 232 77

96 358 267 435 toresque
281 345 527 433 capiebantur?
555 369 634 412 cum
647 371 691 413 ex
701 349 860 414 omnibus
873 349 1058 434 provinciis
1071 371 1163 416 com-

96 461 225 514 meatu
253 460 286 514 et
312 449 443 533 privato
471 459 504 512 et
531 449 669 535 publico
694 449 982 534 prohibebamur?
1014 471 1092 514 cum
1116 451 1163 516 ita

96 549 228 614 clausa
245 550 343 614 nobis
360 561 457 612 erant
471 549 579 612 maria
592 549 721 624 omnia,
736 561 772 614 ut
785 571 894 636 neque
909 551 1076 635 privatam
1088 573 1161 616 rem

95 649 373 714 transmarinam
391 670 502 733 neque
520 648 692 734 publicam
711 649 783 736 jam
801 651 894 715 obire
912 651 1113 734 possemus?

146 769 259 814 xvm.
285 765 330 812 ⁵⁴.
355 747 456 833 Quae
489 749 608 814 civitas
637 761 737 814 antea
763 771 925 836 umquam
951 749 1159 826 suia-non
1194 777 1208 832 ς

95 849 185 914 dico
196 848 473 923 Atheniensium,
489 870 577 935 quae
591 849 672 913 satis
686 849 753 913 late
765 851 939 936 quondam
954 873 1047 916 mare
1064 863 1161 916 tenu·

94 949 172 1016 isse
202 950 345 1023 dicitur3
378 971 446 1014 non
475 947 834 1035 Karthaginiensium,
864 949 922 1037 qui
955 953 1159 1036 permultum

95 1052 219 1117 classe
235 1071 277 1115 ac
293 1049 470 1114 maritimis
487 1049 588 1114 rebus
608 1051 809 1124 valuerunt3
839 1073 907 1116 non
928 1051 1158 1127 Rhodiorum,

95 1173 252 1239 quorum
268 1171 376 1238 usque
393 1149 438 1214 ad
453 1139 603 1214 nostram
618 1150 818 1214 memoriam
832 1150 1014 1236 disciplina
1026 1153 1160 1218 navalis

94 1264 131 1318 et
158 1251 274 1340 gloria
298 1249 602 1325 remansit‚—-sed
623 1271 711 1336 quae
736 1249 854 1315 civitas
875 1273 1038 1338 umquam
1057 1266 1158 1319 antea
1177 1282 1206 1318 ιο

94 1355 173 1418 tam
188 1352 311 1426 tenuis,
326 1361 496 1438 quartam
511 1370 618 1435 parva
635 1351 747 1414 insula
763 1349 837 1426 fuit,
852 1373 941 1438 quae
959 1374 1026 1416 non
1043 1365 1157 1438 portus

95 1475 185 1518 suos
209 1463 242 1517 et
263 1473 365 1538 agros
389 1463 422 1516 et
446 1449 597 1537 aliquam
622 1463 753 1535 partem
778 1451 928 1538 regionis
952 1465 1053 1539 atque
1077 1475 1158 1520 orae

96 1551 297 1617 maritimae
311 1573 371 1636 per
384 1571 421 1616 se
435 1548 508 1635 ipsa
521 1549 742 1616 defenderet?
773 1549 821 1615 At
836 1551 1012 1638 (hercule)
1030 1552 1158 1639 aliquot

19 1676 21 1681 ’
95 1674 215 1718 annos
228 1652 406 1717 continuos
419 1661 497 1714 ante
514 1650 629 1737 legem
645 1649 830 1716 Gabiniam
849 1651 905 1714 ille
923 1653 1069 1737 populus
1086 1652 1158 1717 Ro-

97 1775 243 1828 manus,
261 1751 358 1840 cujus
382 1771 490 1836 usque
516 1751 560 1814 ad
580 1762 729 1815 nostram
749 1751 947 1816 memoriam
965 1774 1091 1816 nomen
1108 1754 1156 1818 in·
1175 1783 1203 1834 ¹5

95 1854 232 1918 victum
260 1853 295 1916 in
323 1851 503 1916 navalibus
531 1851 659 1938 pugnis
692 1851 929 1936 permanserit,
957 1873 1084 1939 magna
1117 1875 1156 1920 ac

96 1955 211 2018 multo
228 1952 380 2016 maxima
396 1963 492 2036 parte
509 1972 577 2016 non
596 1951 698 2016 modo
716 1950 879 2027 utilitatis,
898 1953 958 2016 sed
983 1953 1157 2040 dignitatis

96 2066 206 2142 atque
223 2053 343 2138 imperi
361 2051 480 2116 caruit.
531 2069 576 2114 55.
596 2050 684 2127 Nos,
702 2073 846 2138 quorum
873 2051 1018 2140 majores
1037 2053 1158 2120 Antio·

96 2155 208 2219 chum
225 2175 344 2241 regem
362 2153 472 2218 classe
485 2150 682 2238 Persenque
699 2164 915 2237 superarunt,
930 2153 1157 2241 omnibusque

96 2255 284 2320 navalibus
304 2253 431 2341 pugnis
451 2251 767 2340 Karthaginiensis,
792 2253 948 2320 homines
971 2254 1007 2320 in
1032 2255 1157 2320 mariti·
1172 2282 1201 2318 20

97 2355 169 2422 mis
192 2357 294 2421 rebus
318 2353 618 2420 exercitatissimos
647 2353 962 2445 paratissimosque,
989 2355 1154 2432 vicerunt,

97 2455 131 2520 ei
149 2457 246 2522 nullo
262 2456 297 2520 in
314 2455 391 2520 loco
403 2454 477 2543 jam
491 2455 720 2540 praedonibus
733 2475 834 2539 pares
848 2476 924 2519 esse
939 2467 1154 2539 poteramus:

98 2578 178 2632 nos,
193 2556 251 2644 qui
264 2567 365 2620 antea
382 2576 451 2619 non
470 2554 571 2619 modo
584 2554 718 2619 Italiam
733 2565 838 2618 tutam
854 2553 1079 2628 habebamus,
1094 2557 1156 2622 sed
1212 2583 1215 2589 ·

98 2659 213 2722 omnis
230 2657 341 2722 socios
357 2656 392 2718 in
405 2654 532 2720 ultimis
545 2655 612 2720 oris
626 2654 824 2719 auctoritate
838 2655 941 2720 nostri
954 2655 1074 2741 imperi
1089 2657 1156 2721 sal-

98 2778 163 2822 vos
180 2769 354 2843 praestare
372 2766 581 2841 poteramus,
593 2766 719 2817 -tum
733 2775 810 2818 cum
826 2754 937 2819 insula
952 2753 1070 2829 Delos,
1086 2768 1154 2822 tam
1170 2787 1199 2834 25

99 2856 222 2940 procul
238 2855 369 2921 anobis
386 2854 420 2918 in
434 2852 579 2942 Aegaeo
597 2853 681 2917 mari
699 2853 821 2938 posita,
836 2876 904 2940 quo
920 2878 1041 2920 omnes
1058 2857 1155 2922 nndrss

100 2977 169 3041 que
185 2977 264 3020 cum
282 2955 451 3020 mercibus
469 2966 569 3040 atque
585 2954 746 3018 oneribus
765 2956 1015 3030 commeabant,
1031 2956 1154 3020 referta

14 3073 16 3080 “
100 3055 240 3131 divitiis,
258 3077 377 3142 parva,
397 3054 470 3120 sine
493 3075 601 3127 muro,
620 3054 705 3118 nihil
730 3053 881 3129 timebat,
896 3055 1060 3120 —eidem
1086 3078 1154 3122 non

101 3157 205 3222 modo
229 3155 412 3244 provinciis
437 3166 538 3240 atque
561 3154 630 3218 oris
651 3152 770 3218 Italiae
789 3153 965 3219 maritimis
983 3176 1024 3220 ac
1040 3169 1155 3240 portu-

100 3254 165 3322 bus
182 3256 317 3330 nostriS‚
333 3255 393 3320 sed
410 3255 512 3318 etiam
526 3253 642 3338 Appia
655 3253 727 3340 jam
746 3253 801 3316 via
815 3255 1038 3328 carebamus3
1059 3267 1092 3320 et
1104 3255 1153 3320 eis
1167 3283 1198 3336 30

101 3357 310 3443 temporibus
327 3377 393 3420 non
413 3355 562 3439 pudebat
579 3355 797 3440 magistratus
814 3355 931 3440 populi
948 3354 1097 3420 Romani
1119 3356 1153 3420 in

103 3456 194 3522 hunc
217 3457 329 3542 ipsum
352 3456 464 3520 locum
483 3455 680 3528 escendere,
701 3474 874 3518 cumeum
892 3455 989 3519 nobis
1007 3456 1153 3544 majores

103 3557 206 3623 nostri
225 3555 357 3621 exuviis
378 3554 523 3620 nauticis
539 3564 573 3618 et
588 3553 749 3619 classium
768 3553 885 3639 spoliis
902 3567 1058 3619 ornatum
1075 3556 1153 3620 reli-

103 3658 265 3741 quissent.
291 3643 324 3752 ls
1078 3665 1080 3670 '

145 3778 221 3822 xm.
244 3774 290 3821 oo.
313 3755 412 3822 Bono
436 3767 468 3821 te
493 3754 609 3820 animo
633 3765 717 3829 tum,
741 3755 794 3837 Q.
810 3753 985 3829 Hortensi,
1005 3757 1151 3842 populus
1167 3787 1197 3840 35

104 3853 282 3924 Romanus
294 3869 327 3922 et
339 3868 470 3922 ceteros
483 3855 541 3942 qui
553 3867 651 3918 erant
663 3853 698 3917 in
712 3855 832 3918 eadem
844 3855 1021 3926 sententia,
1036 3855 1151 3921 dicere
