2716 4266
216 202 282 268 206
412 139 415 144 1
567 196 726 284 Desence
748 197 797 280 os
808 193 912 261 ΜιἸο.
1158 190 1263 262 [Mm

259 421 376 466 xxxv.
401 417 447 466 oa.
470 399 549 464 Nec
578 420 661 464 vero
692 399 793 472 haec,
821 396 969 486 judices,
996 407 1032 461 ut
1061 417 1132 484 ego
1161 415 1265 470 nunc,

215 503 314 574 flens,
333 503 395 566 sed
419 505 485 566 boc
509 499 631 565 eodem
656 500 805 584 loquitur
819 499 911 562 voltu
928 519 996 584 quo
1012 497 1149 561 videtis.
1199 495 1266 559 Ne-

216 613 276 689 gat
314 602 418 675 enim,
461 612 565 688 negat
603 599 746 685 ingratis
785 597 915 662 civibus
954 597 1077 662 secisse
1111 618 1148 660 se
1182 616 1267 682 quae

216 703 353 774 t'ecerit;
382 701 508 764 timidis
535 713 568 763 et
593 698 709 763 omnia
736 697 1088 781 circumspicientibus
1117 697 1269 781 pericula

161 824 175 878 5
217 823 284 865 non
312 815 428 888 negat.
478 799 617 864 Plebem
647 812 680 861 et
708 799 860 860 infimam
889 796 1154 872 multitudinem,
1183 817 1270 882 quae

217 901 256 965 P.
281 900 406 966 Clodio
433 902 521 966 duce
546 897 690 962 fortunis
715 898 835 962 vestris
861 896 1074 970 imminebat,
1092 918 1188 967 eam,
1207 917 1271 982 quo

217 1002 317 1066 tutior
333 1012 421 1066 esset
437 1012 550 1064 vestra
567 999 649 1073 vita,
666 1017 704 1062 se
726 997 847 1060 fecisse
871 1008 1119 1061 commemorat
1141 1011 1181 1060 ut
1205 1017 1272 1060 non

219 1101 320 1166 modo
336 1101 457 1166 virtute
474 1099 637 1172 flecteret,
651 1098 711 1162 sed
728 1096 831 1160 etiam
848 1095 955 1161 tribus
971 1096 1041 1160 suis
1058 1096 1273 1182 patrimoniis

218 1203 404 1276 deleniret3
428 1222 493 1266 nec
513 1200 608 1264 timet
628 1219 684 1272 ne,
703 1217 782 1262 cum
811 1196 948 1281 plebem
974 1197 1176 1260 muneribus
1202 1197 1273 1281 pla-

167 1303 314 1378 necarit,
348 1324 409 1368 vos
440 1323 508 1367 non
541 1298 731 1365 conciliarit
763 1296 891 1362 meritis
924 1295 960 1360 in
991 1317 1064 1360 rem
1095 1297 1273 1381 publicam

219 1403 463 1490 singularibus.
512 1399 661 1466 Senatus
677 1419 762 1486 erga
782 1418 819 1462 se
843 1396 1117 1462 benevolentiam
1140 1408 1274 1482 tempo

218 1505 312 1568 ribus
337 1503 390 1568 his
414 1502 498 1588 ipsis
521 1521 626 1585 saepe
647 1521 723 1564 esse
740 1509 969 1584 perspectam,
987 1509 1118 1561 vestras
1133 1517 1222 1561 vero
1244 1508 1275 1560 et

220 1599 408 1669 vestrorum
443 1602 601 1670 ordinum
636 1600 904 1673 occursationes,
929 1598 1055 1672 studia,
1080 1619 1272 1672 sermones,

220 1725 472 1791 quemcumque
496 1723 634 1768 cursum
654 1700 788 1764 fortuna
812 1699 954 1774 dederit,
974 1719 1011 1764 se
1035 1718 1153 1763 secum
1181 1698 1274 1783 abla·
1332 1761 1333 1764 ,

169 1831 200 1888 ¹5
221 1818 332 1870 turum
349 1826 425 1870 esse
442 1804 534 1870 dicit.
582 1819 630 1866 uo.
653 1800 813 1864 Meminit
832 1801 934 1864 etiarn
956 1800 1020 1864 sibi
1037 1819 1157 1864 vocem
1177 1820 1274 1884 prae-

222 1907 317 1970 conis
334 1906 436 1970 modo
452 1903 613 1977 defuisse,
632 1923 735 1988 quam
753 1901 892 1964 minime
909 1900 1130 1973 desiderarit3
1155 1899 1275 1986 populi
1332 1935 1333 1944 κ

222 2027 303 2070 vero
323 2006 453 2070 cunctis
473 2003 660 2091 suffragiis,
674 2002 765 2089 quod
788 2023 893 2066 unum
915 2001 1072 2086 cupierit,
1089 2022 1127 2066 se
1150 2022 1274 2067 consu·

222 2107 290 2170 lem
310 2106 542 2170 declaratum:
584 2124 675 2168 nunc
691 2103 852 2189 denique,
870 2103 899 2168 si
917 2105 1004 2168 baec
1020 2093 1137 2168 contra
1153 2125 1195 2168 se
1213 2103 1275 2168 sint

222 2206 348 2280 futura,
378 2207 440 2272 sibi
468 2205 629 2270 facinoris
661 2205 896 2289 suspitionem,
931 2226 999 2269 non
1031 2205 1111 2271 sacti
1143 2206 1275 2270 crimen

168 2323 203 2364 20
222 2308 365 2370 obstare.
407 2305 515 2370 Addit
534 2306 633 2380 haec,
654 2325 743 2390 quae
768 2319 858 2370 certe
881 2325 964 2370 vera
988 2318 1087 2370 sunt:
1123 2306 1222 2372 sortis
1246 2319 1276 2370 et

222 2407 384 2490 sapientis
411 2405 502 2472 viros
533 2428 601 2471 non
629 2417 699 2470 tam
728 2405 881 2491 praemia
912 2406 1008 2492 sequi
1040 2408 1151 2472 solere
1186 2421 1275 2473 recte

222 2507 402 2582 factorum,
420 2527 523 2592 quam
548 2506 623 2592 ipsa
640 2518 730 2571 recte
756 2506 867 2581 sacta;
892 2528 929 2571 se
946 2507 1031 2572 nihil
1055 2508 1091 2572 in
1117 2511 1188 2573 vita
1212 2508 1273 2573 nisi

222 2608 494 2691 praeclarissime
510 2607 644 2678 fecisse,
664 2607 692 2672 si
716 2608 854 2694 quidem
872 2607 955 2671 nihil
972 2609 1015 2674 sit
1034 2611 1274 2694 praestabilius

222 2708 294 2772 viro
305 2728 409 2793 quam
422 2708 580 2793 periculis
594 2707 737 2792 patriam
750 2708 894 2772 liberare
907 2729 915 2781 ;
933 2708 1050 2774 beatos
1061 2731 1137 2776 esse
1150 2711 1274 2798 quibus

167 2814 201 2872 ²5
222 2830 262 2872 ea
285 2831 341 2873 res
366 2809 484 2873 honori
505 2808 604 2872 suerit
621 2829 640 2870 a
660 2808 731 2872 suis
747 2807 891 2882 civibus,
916 2825 962 2873 ut.
986 2829 1051 2874 nec
1073 2822 1191 2875 tamen
1217 2832 1274 2875 eos

221 2911 364 2975 miseros
376 2910 434 2996 qui
447 2910 613 2974 beneficio
630 2909 714 2972 civis
730 2929 809 2974 suos
825 2909 988 2984 vicerint3
1017 2911 1078 2975 sed
1094 2922 1211 2977 tamen
1229 2929 1273 2976 ex

221 3011 381 3076 omnibus
394 3011 555 3097 praemiis
571 3009 715 3082 virtutis,
734 3009 762 3073 si
779 3022 868 3074 esset
885 3011 1044 3076 habenda
1069 3012 1154 3076 ratio
1174 3032 1273 3097 prae·

223 3111 381 3183 miorum,
401 3110 649 3196 amplissimum
675 3129 751 3173 esse
777 3111 967 3194 praemium
995 3111 1163 3198 gloriam:
1197 3131 1271 3176 esse

223 3213 313 3276 hanc
330 3233 434 3276 unam
451 3231 540 3297 quae
556 3210 755 3273 brevitatem
771 3211 860 3274 vitae
878 3211 1081 3294 posteritatis
1106 3211 1270 3276 memoria

168 3331 204 3386 30
222 3314 476 3386 consolaretur;
501 3329 590 3396 quae
622 3310 770 3374 efficeret
801 3322 836 3374 ut
868 3310 1025 3376 absentes
1057 3311 1268 3384 adessemus,

225 3414 344 3476 mortui
369 3413 582 3484 viveremus;
623 3410 713 3472 hanc
746 3409 892 3495 denique
920 3431 1008 3481 esse,
1035 3411 1133 3498 cujus
1157 3411 1270 3498 gradi-

223 3513 287 3576 bus
311 3514 412 3577 etiam
438 3512 472 3575 in
497 3509 632 3574 caelum
657 3507 812 3572 homines
844 3509 1039 3573 viderentur
1070 3512 1265 3576 ascendere.

222 3629 268 3674 os.
294 3613 371 3676 ‘De
389 3611 467 3684 me,'
491 3609 612 3693 inquit,
631 3619 790 3691 ‘semper
806 3610 951 3692 populus
968 3609 1163 3679 Romanus.
1184 3631 1268 3674 sern-

224 3733 285 3795 per
306 3730 425 3774 omnes
451 3721 572 3794 gentes
600 3707 791 3790 loquentur,
810 3708 904 3770 nulla
929 3729 1091 3793 umquam
1120 3710 1266 3773 obmute-

168 3820 203 3875 3⁵
225 3821 296 3873 scet
313 3818 472 3871 vetustas.
521 3803 617 3886 Quin
634 3805 699 3867 hoc
719 3816 870 3888 ternpore
896 3805 983 3890 ipsu,
1002 3828 1080 3871 cum
1107 3829 1226 3872 omnes
1248 3828 1266 3870 a

227 3907 311 3970 meis
338 3903 484 3970 inimicis
500 3902 594 3966 faces
615 3901 764 3966 invidiae
792 3923 889 3968 meae
915 3905 1139 3983 subiciantur,
1157 3919 1266 3973 tamen
