2668 4262
93 200 136 241 vr.
163 152 220 258 15]
409 187 536 254 Action
562 191 610 276 ff
623 189 680 254 tte
704 187 844 255 Senatu.
1090 207 1151 276 115

91 392 191 478 quod
222 389 356 464 virtute,
388 389 542 464 consilio,
573 389 787 474 providentia
819 411 895 454 mea
928 411 983 456 res
1014 391 1151 476 publica

8 515 15 522 ·
91 491 259 556 maximis
277 489 437 574 periculis
454 490 497 554 sit
513 491 676 554 liberata:
699 491 824 555 deinde
840 490 885 554 L.
901 491 1049 556 Flaccus
1065 505 1098 556 et
1111 491 1150 557 C.

90 592 299 678 Pomptinus
324 604 510 676 praetores,
531 593 621 677 quod
644 612 762 654 eorum
778 579 883 675 opera
900 591 975 656 forti
993 593 1153 678 fidelique

90 716 181 759 usus
207 715 331 767 essem,
361 691 482 754 merito
511 711 553 755 ac
580 691 657 778 jure
686 692 888 765 laudantur3
922 705 1023 777 atque
1050 693 1152 756 etiarn

91 795 171 859 viro
188 794 277 868 sorti,
295 795 463 880 conlegae
483 812 572 865 me0,
592 792 667 854 laus
684 791 887 874 impertitur,
905 792 997 878 quod
1014 814 1073 857 eos
1094 793 1152 878 qui
1190 823 1204 875 5

91 894 201 982 hujus
222 893 466 983 conjurationis
496 889 680 976 participes
708 890 852 956 fuissent
879 891 986 956 asuis
1010 903 1079 956 eta
1104 895 1151 957 rei

90 995 258 1080 publicae
284 995 435 1060 consiliis
462 991 675 1058 removisset.
725 989 839 1078 Atque
865 992 910 1055 ita
933 1005 1150 1068 censuerunt,

89 1107 131 1158 ut
149 1095 192 1159 Ρ.
213 1095 393 1169 Lentulus,
417 1116 496 1160 cum
534 1115 570 1158 se
607 1104 767 1178 praetura
792 1092 998 1169 abdicasset,
1017 1093 1051 1156 in
1076 1114 1153 1157 cus-

91 1196 227 1260 todiam
252 1196 460 1270 traderetur3
486 1195 636 1280 itemque
661 1192 709 1256 uti
734 1190 777 1256 C.
796 1191 987 1278 Cethegus,
1012 1191 1056 1256 L.
1076 1193 1153 1283 Sta·

91 1295 205 1369 tilius,
232 1294 271 1359 P.
301 1295 483 1369 Gabinius,
513 1296 571 1382 qui
603 1315 724 1359 omnes
757 1307 953 1377 praesentes
981 1305 1089 1368 erant,
1117 1295 1153 1358 in
1173 1325 1204 1360 10

92 1395 289 1460 custodiam
315 1397 548 1469 traderentur3
576 1407 676 1481 atque
702 1394 793 1458 idem
820 1395 886 1457 hoc
910 1394 1085 1457 decretum
1103 1407 1154 1458 est

92 1494 130 1558 in
161 1494 204 1559 L.
231 1494 404 1570 Cassium,
423 1496 481 1581 qui
514 1496 577 1560 sibi
607 1496 882 1580 procurationem
915 1495 1153 1559 incendendae

93 1596 194 1660 urbis
220 1597 479 1681 depoposcerat,
507 1596 542 1660 in
572 1595 624 1660 M.
651 1594 854 1680 Ceparium,
880 1595 935 1659 cui
960 1595 1003 1660 ad
1028 1596 1154 1659 sollici·

92 1697 222 1761 tandos
248 1699 402 1782 pastores
419 1695 583 1782 Apuliam
614 1697 807 1761 attributam
834 1717 910 1760 esse
934 1706 1007 1760 erat
1023 1695 1153 1786 indica-

93 1807 185 1872 tum,
199 1797 232 1860 in
246 1796 286 1860 Ρ.
302 1796 457 1870 Furium,
472 1796 530 1882 qui
544 1808 594 1860 est
610 1818 653 1860 ex
671 1797 720 1861 eis
738 1797 867 1861 colonis
884 1817 969 1882 quos
985 1795 1150 1862 Faesulas
1174 1825 1202 1874 15

95 1895 142 1960 L.
164 1895 264 1960 Sulla
290 1896 443 1969 deduxit,
469 1895 504 1960 in
531 1894 753 1979 QAonium
777 1885 974 1972 Chilonem,
1002 1897 1059 1983 qui
1084 1919 1148 1964 unu

95 2017 180 2060 cum
205 1997 271 2060 hoc
288 1995 392 2060 Furio
416 2017 553 2080 semper
577 1995 700 2061 eratin
725 1997 791 2060 hac
808 1997 1035 2085 Allobrogum
1062 1999 1149 2062 solli-

95 2097 260 2162 citatione
276 2109 443 2172 versatus,
462 2097 496 2160 in
514 2097 552 2161 Ρ.
570 2097 799 2171 Umbrenum,
824 2099 1017 2164 libertinum
1044 2099 1153 2164 bomi-

96 2221 195 2272 nem,
223 2217 242 2262 a
270 2219 339 2284 quo
364 2198 510 2282 primum
540 2197 661 2263 Gallos
686 2199 730 2263 ad
756 2198 940 2264 Gabinium
972 2201 1152 2286 perductos

96 2319 177 2363 esse
203 2299 393 2362 constabat.
452 2297 566 2383 Atque
589 2319 630 2362 ea
656 2299 794 2363 lenitate
819 2313 958 2366 senatus
982 2313 1032 2365 est
1055 2323 1150 2373 usus,
1169 2293 1201 2356 '20

98 2397 267 2485 Quirites,
286 2411 323 2462 ut
339 2419 383 2462 ex
399 2409 490 2462 tanta
516 2397 763 2486 conjuratione,
782 2411 943 2488 tantaque
974 2403 1039 2464 hac
1067 2401 1154 2463 mul-

96 2497 242 2563 titudine
270 2497 534 2562 domesticorum
560 2498 721 2573 hostium,
741 2522 864 2564 novem
883 2501 1058 2565 bominum
1078 2521 1154 2585 per-

97 2598 344 2663 ditissimorum
367 2617 478 2682 poena
495 2619 531 2662 re
550 2599 686 2683 publica
712 2613 926 2675 conservata,
946 2602 1153 2687 reliquorum

98 2698 224 2762 mentis
252 2697 366 2762 sanari
404 2719 504 2782 posse
538 2699 769 2766 arbitraretur.
833 2718 873 2764 15.
908 2700 1022 2786 Atque
1051 2699 1153 2764 etiam

99 2798 304 2883 supplicatio
321 2798 373 2862 dis
397 2799 646 2865 immortalibus
673 2821 733 2885 pro
758 2801 925 2888 singulari
947 2821 1064 2865 eorum
1084 2819 1155 2862 me·
1171 2821 1201 2872 ες

99 2898 164 2962 rito
192 2920 269 2962 meo
286 2897 423 2962 nomine
448 2899 585 2963 decreta
603 2912 666 2974 est,
685 2901 777 2986 quod
803 2901 886 2964 milri
912 2899 1059 2985 primum
1079 2907 1154 2983 post

100 2999 193 3062 hanc
215 2999 336 3062 urbem
364 3000 534 3062 conditam
560 3010 677 3087 togato
695 3001 848 3087 contigit.
899 2999 942 3064 Et
967 3000 1018 3064 his
1041 2998 1153 3063 verbis

101 3097 238 3162 decreta
252 3109 321 3162 est:
340 3098 435 3183 quod
449 3100 567 3162 urbem
584 3100 766 3175 incendiis,
781 3100 882 3163 caede
898 3101 996 3171 ctuz‘s,
1009 3099 1153 3163 [tultum

102 3198 188 3262 bello
205 3198 414 3281 lidgggssem.
454 3197 557 3283 Qae
575 3199 778 3284 supplicatio
795 3199 822 3264 si
841 3221 918 3264 cum
936 3200 1057 3264 ceteris
1074 3220 1155 3287 con-

104 3296 241 3374 feratur,
257 3299 322 3364 hoc
335 3299 484 3373 interest,
500 3299 592 3386 quod
606 3312 739 3364 ceterae
757 3299 844 3364 bene
862 3312 971 3387 gesta,
988 3301 1074 3364 haec
1085 3320 1153 3362 una
1172 3321 1203 3370 30

104 3410 303 3463 conservata
321 3421 356 3464 re
373 3401 511 3486 publica
529 3398 710 3464 constituta
727 3411 787 3464 est.
820 3400 934 3487 Atque
951 3401 1048 3474 illud,
1063 3399 1154 3485 quod

105 3497 298 3564 faciendum
324 3501 471 3585 primum
496 3499 569 3574 suit,
589 3499 716 3563 sactum
743 3509 843 3587 atque
863 3511 1073 3564 transactum
1090 3511 1152 3563 est.

104 3597 196 3663 Nam
228 3599 268 3663 P.
303 3599 472 3665 Lentulus
488 3637 532 3650 ·-
551 3619 761 3686 quamquam
794 3600 972 3685 patefactis
1004 3599 1153 3672 indiciis,

105 3699 372 3766 confessionibus
397 3699 480 3774 suis,
506 3699 637 3788 judicio
665 3711 805 3765 senatus
835 3723 902 3765 non
933 3701 1033 3764 modo
1058 3721 1155 3784 prae«

105 3800 182 3866 toris
211 3802 281 3890 jus,
299 3822 419 3865 verum
443 3799 545 3864 etiam
562 3800 646 3865 civis
669 3800 1009 3864 amiserat-tamen
1028 3799 1156 3883 magis·
1173 3820 1204 3871 35
1284 3865 1287 3871 ,

106 3911 190 3968 tratu
218 3923 257 3969 se
285 3899 470 3976 abdicavit,
496 3911 544 3976 ut,
562 3922 651 3987 quae
679 3899 802 3986 religio
828 3898 871 3965 C.
891 3899 1018 3974 Mario,
1038 3898 1153 3963 claris*
