2668 4262
191 179 256 246 118
477 181 691 270 Conspz'racy
716 186 763 270 (ff
782 183 945 250 Catilina
1043 181 1163 252 [caru.
1185 183 1241 236 111·

190 381 313 472 majus,
333 381 415 446 etin
441 385 579 449 excelso
601 386 796 460 conlocare,
815 397 848 450 et
867 387 1003 474 (contra
1021 399 1122 472 atque
1140 397 1243 452 antea

189 482 315 568 suerat)
349 483 392 547 ad
420 485 585 548 orientem
618 497 837 561 convertere3
864 509 906 551 ac
933 509 969 550 se
998 509 1138 572 sperare
1167 489 1244 551 dix-

189 594 299 658 erunt,
328 583 354 647 si
388 583 470 648 illud
499 585 650 671 signum,
682 586 774 672 quod
802 587 935 667 videtis,
963 588 1043 652 solis
1071 600 1182 652 ortum
1210 599 1246 650 et

189 682 298 747 sorum
317 685 514 770 curiamque
532 687 758 770 conspiceret,
778 686 849 751 fore
867 700 903 750 ut
919 709 960 751 ea
976 687 1134 762 consilia,
1154 709 1245 774 quae

157 784 278 861 sclam
301 799 414 848 essent
436 785 519 848 inita
545 799 664 848 contra
689 787 835 850 salutem
860 788 954 851 urbis
981 798 1080 873 atque
1104 788 1243 872 imperi,

94 924 100 936 -
188 883 458 957 inlustrarentur,
474 897 510 948 ut
527 905 546 948 a
564 897 684 949 senatu
702 887 896 972 populoque
914 887 1075 952 Romano
1093 886 1245 972 perspici

189 996 339 1068 possent.
381 984 494 1070 Atque
516 984 618 1072 [illud
636 985 792 1073 signum]
814 987 1063 1052 conlocandum
1081 989 1246 1051 consules

189 1083 238 1147 illi
256 1085 473 1160 locaverunt3
499 1086 558 1150 sed
577 1097 669 1149 tanta
694 1085 756 1149 suit
772 1087 885 1170 operis
903 1086 1056 1160 tarditas,
1075 1099 1113 1150 ut
1128 1109 1246 1172 neque

189 1185 419 1268 superioribus
440 1185 650 1260 consulibus,
670 1206 781 1272 neque
808 1186 906 1252 nobis
932 1198 1009 1251 ante
1037 1187 1246 1251 hodiernum

139 1311 170 1347 ro
189 1284 294 1357 diem,
313 1285 560 1349 conlocaretur.
631 1335 636 1342 .

235 1403 285 1448 tx.
311 1401 353 1448 21.
379 1384 447 1449 Hic
463 1385 538 1471 quis
557 1397 665 1470 potest
682 1405 757 1450 esse
774 1395 844 1450 tarn
862 1407 1002 1452 aversus
1020 1409 1040 1451 a
1057 1408 1152 1463 vero,
1170 1399 1246 1450 tam

190 1506 368 1570 praeceps,
394 1498 462 1549 tam
496 1497 609 1550 mente
640 1498 774 1570 captus,
799 1486 857 1572 qui
887 1499 991 1574 neget
1014 1487 1101 1574 baec
1124 1488 1245 1551 omnia

189 1605 277 1670 quae
295 1585 463 1660 videmus,
483 1585 734 1672 praecipueque
752 1587 843 1650 hanc
867 1588 999 1660 urbem,
1018 1588 1161 1652 deorum
1179 1587 1246 1650 im·

189 1687 382 1750 mortalium
411 1699 494 1751 nutu
527 1708 567 1751 ac
592 1699 755 1772 potestate
780 1685 1041 1752 administrari?
1103 1687 1245 1754 Etenim

139 1809 169 1860 ις
189 1807 266 1850 cum
293 1799 381 1850 esset
405 1787 450 1850 ita
474 1809 690 1871 responsum,
716 1787 853 1870 caedes,
873 1787 1046 1863 incendia,
1068 1788 1245 1852 interitum

188 1886 237 1950 rei
261 1887 419 1970 publicae
451 1887 656 1972 comparari,
683 1895 724 1952 et‘
740 1909 780 1952 ea
806 1909 867 1972 per
891 1887 1144 1973 civis-quae
1168 1901 1246 1951 turn

189 1999 326 2070 propter
343 1987 613 2074 magnitudinem
635 1989 803 2052 scelerum
821 2009 889 2052 non
907 1988 1010 2052 nullis
1026 1987 1247 2052 incredibilia

188 2085 404 2162 videbantur,
416 2108 512 2151 -ea
529 2109 598 2150 non
615 2088 716 2152 modo
734 2088 882 2174 cogitata
900 2109 920 2151 a
937 2088 1076 2152 nefariis
1093 2088 1245 2163 civibuS,

189 2207 306 2251 verum
325 2188 425 2250 etiarn
445 2198 602 2272 suscepta
620 2209 694 2252 esse
712 2188 877 2252 sensistis.
920 2188 1010 2253 Illud
1027 2210 1109 2253 vero
1125 2211 1246 2254 nonne

140 2309 171 2344 ιο
189 2285 234 2349 ita
252 2307 413 2370 praesens
438 2299 501 2358 est,
519 2299 557 2351 ut
579 2298 662 2351 nutu
681 2287 777 2373 Jovis
794 2287 923 2372 Optimi
941 2287 1088 2353 Maximi
1112 2276 1245 2353 lactuni
1326 2371 1327 2376 η

189 2407 264 2450 esse
281 2387 448 2460 videatur,
467 2399 515 2460 ut,
542 2408 619 2450 cum
649 2387 814 2451 hodierno
839 2388 893 2452 die
923 2409 1023 2453 mane
1046 2411 1107 2474 per
1128 2389 1244 2455 sorum
1326 2393 1327 2446 l

189 2507 266 2550 meo
294 2486 391 2573 jussu
424 2498 456 2550 et
488 2486 653 2575 conjurati
684 2499 858 2552 eteorum
889 2485 1019 2554 indices
1049 2487 1084 2553 in
1116 2488 1242 2552 aedem
1326 2503 1327 2562 ξ

190 2584 404 2651 Concordiae
431 2587 646 2660 ducerentur,
666 2608 707 2651 eo
734 2586 809 2671 ipso
834 2600 988 2674 ternpore
1016 2589 1153 2677 signum
1172 2603 1244 2655 sta‘
1326 2585 1327 2642 ἶ

189 2685 360 2750 tueretur?
376 2708 443 2772 quo
460 2686 637 2750 conlocato
661 2699 761 2773 atque
779 2688 822 2752 ad
840 2710 900 2754 vos
917 2702 1141 2777 senatumque
1158 2712 1246 2755 con·
1326 2679 1327 2712 ³

141 2810 171 2859 25
190 2807 301 2859 versu,
327 2787 442 2850 omnia
464 2785 514 2873 [et
542 2801 679 2851 senatus
702 2799 735 2850 et
750 2787 828 2875 vos]
856 2810 946 2875 quae
970 2803 1067 2857 ornat
1090 2792 1245 2878 cogitata

190 2898 306 2950 contra
323 2888 467 2951 salutem
485 2887 649 2958 omnium,
666 2886 843 2952 inlustrata
860 2902 893 2952 et
909 2891 1079 2974 patefacta
1092 2892 1242 2957 vidistis.

188 3003 236 3050 aa.
253 2986 334 3070 Quo
351 2989 452 3051 etiam
470 2987 598 3074 majore
616 2999 692 3051 sunt
709 2987 763 3052 isti
779 2989 857 3055 odio
875 2991 1110 3078 supplicioque
1128 2993 1243 3080 digni,

190 3089 331 3174 quinon
349 3089 458 3152 solum
478 3087 595 3163 uestris
613 3088 794 3154 domiciliis
812 3101 913 3177 atque
930 3092 1041 3166 tectis,
1059 3093 1119 3158 sed
1137 3094 1244 3158 etiarn
1326 3107 1327 3138 r

190 3191 331 3255 deorum
348 3188 484 3273 templis
504 3200 604 3274 atque
628 3189 780 3254 delubris
805 3203 883 3254 sunt
906 3191 1055 3258 funestos
1080 3213 1122 3258 ac
1145 3193 1245 3258 nefa-

141 3309 172 3360 30
190 3290 257 3354 rios
273 3289 370 3376 ignis
391 3289 515 3353 inferre
542 3291 666 3354 conati.
718 3288 854 3374 Qibus
878 3313 944 3379 ego
961 3293 988 3356 si
1008 3315 1062 3358 me
1079 3293 1244 3359 restitisse

191 3390 316 3462 dicam,
346 3389 488 3452 nimium
522 3390 606 3453 mihi
638 3412 787 3465 sumam,
814 3403 846 3455 et
874 3413 942 3456 non
972 3393 1034 3457 sim
1065 3393 1240 3459 serendus.
1326 3391 1327 3400 ’

191 3490 266 3563 Ille,
291 3490 349 3553 ille
372 3489 530 3576 Juppiter
562 3491 701 3554 restitit:
734 3490 792 3554 ille
817 3489 1037 3576 Capitolium,
1064 3494 1121 3558 ille
1153 3494 1241 3560 haec

190 3589 329 3673 templa,
348 3590 404 3653 ille
430 3602 587 3655 cunctam
605 3591 737 3663 urbem,
756 3591 813 3654 ille
830 3613 891 3656 vos
907 3593 1017 3656 omnis
1034 3594 1147 3658 salvos
1164 3615 1241 3660 esse

190 3690 306 3752 voluit.
356 3688 419 3754 Dis
444 3711 510 3776 ego
535 3688 782 3753 immortalibus
808 3691 951 3755 ducibus
968 3692 1059 3756 hanc
1077 3706 1237 3769 mentem,

141 3776 172 3862 35
191 3785 356 3872 Quirites,
375 3788 651 3872 voluntatemque
674 3788 822 3871 suscepi,
842 3800 942 3873 atque
970 3791 1014 3854 ad
1044 3793 1131 3856 haec
1146 3805 1240 3857 tanta

189 3885 315 3950 indicia
343 3886 495 3969 perveni.
539 3884 619 3970 Jam
641 3906 721 3948 vero
750 3885 827 3970 [illa
859 3885 1088 3975 Allobrogum
1115 3892 1237 3956 sollici·
