2668 4262
60 218 186 289 xx·46·]
236 217 317 306 Why
339 218 382 284 ke
404 219 509 284 shuns
529 239 578 292 ,an
602 217 749 305 Appeal
768 223 802 282 to
825 215 952 282 Force.
1049 231 1111 301 155

58 421 123 486 sibi
152 421 314 507 propiora
345 441 422 486 esse
453 420 606 506 pericula
634 439 738 506 quam
767 439 844 484 mea
872 417 1110 505 loquebantur.

56 538 98 584 19.
123 521 198 586 Sed
224 535 337 586 tamen
362 533 394 586 et
413 519 560 586 Crassus
580 542 601 584 a
620 519 817 584 consulibus
838 539 949 582 meam
971 539 1112 582 causam

57 622 316 706 suscipiendam
338 643 414 686 esse
437 621 584 694 dicebat,
607 631 641 684 et
661 641 778 684 eorum
801 619 905 682 fidem
928 617 1113 703 Pompeius
1179 615 1183 622 ’

56 723 278 807 implorabat,
298 743 409 808 neque
432 744 468 786 se
489 722 658 807 privatum
683 720 818 805 publice
835 731 1015 804 susceptae
1032 740 1113 783 cau·

56 845 115 888 sae
141 823 339 887 defuturum
361 845 436 888 esse
463 823 609 890 dicebat.
653 821 767 906 Quem
788 823 898 886 virum
923 822 1145 906 studiosum5

57 925 138 998 mei,
164 925 427 1008 cupidissimum
452 925 501 990 rei
528 925 687 1011 publicae
716 924 973 990 conservandae
1002 922 1112 1011 [domi

57 1025 190 1112 meae]‚
209 1025 292 1092 certi
309 1026 465 1092 homines
486 1027 547 1113 [ad
567 1047 644 1092 eam
664 1048 735 1091 rem
757 1026 873 1114 positi]
894 1037 1111 1100 monuerunt,

56 1138 93 1191 ut
116 1139 212 1192 esset
236 1129 378 1204 cautior,
399 1129 541 1216 ejusque
559 1128 649 1192 vitae
670 1149 690 1192 a
711 1150 764 1194 me
784 1127 926 1193 insidias
945 1128 1037 1214 apud
1058 1147 1112 1192 me

57 1228 150 1292 domi
174 1229 305 1314 positas
322 1249 396 1294 esse
421 1229 600 1303 dixerunt;
626 1241 727 1316 atque
751 1230 842 1294 banc
865 1229 939 1317 ejus
956 1228 1113 1314 suspitio·

56 1349 135 1392 nem
162 1330 223 1394 alii
248 1329 367 1395 litteris
384 1329 568 1404 mittendis,
587 1330 645 1394 alii
671 1329 811 1405 nuntiis,
830 1330 886 1394 alii
910 1350 1026 1395 coram
1047 1329 1113 1415 ipsi
1133 1362 1165 1402 10

57 1430 310 1505 excitaverunt,
327 1443 364 1494 ut
380 1430 451 1506 ille,
467 1451 548 1496 cum
566 1451 586 1494 a
603 1451 658 1495 me
684 1441 774 1496 certe
801 1430 885 1494 nihil
906 1430 1050 1505 timeret,
1069 1430 1113 1494 ab

57 1527 125 1594 illis
151 1553 198 1596 ne
224 1531 307 1618 quid
333 1552 412 1596 meo
438 1530 578 1596 nornine
605 1530 803 1596 molirentur
828 1530 891 1596 sibi
919 1530 1112 1596 cavendum

58 1643 207 1713 putaret.
258 1631 336 1717 lpse
363 1643 475 1694 autem
493 1624 638 1709 Caesar,
653 1651 755 1717 quern
783 1632 931 1694 maxime
956 1629 1113 1694 homines

59 1730 173 1817 ignari
202 1732 353 1797 veritatis
385 1730 469 1796 mihi
501 1751 577 1796 esse
609 1731 733 1796 iratum
765 1732 943 1817 putabant,
969 1743 1042 1796 erat
1069 1731 1113 1796 ad

59 1845 188 1915 portas,
209 1845 282 1897 erat
299 1853 377 1897 cum
394 1832 558 1917 imperi03
584 1843 656 1896 erat
671 1831 706 1894 in
724 1830 822 1896 Italia
839 1831 912 1919 ejus
929 1831 1112 1906 exercitus,
1134 1855 1164 1912 ις

60 1930 165 2017 inque
190 1955 232 1998 eo
257 1933 408 1997 exercitu
441 1931 547 2016 ipsius
570 1929 696 1995 tribuni
729 1930 852 2015 plebis,
877 1930 1007 1995 inimici
1032 1930 1112 2006 mei,

61 2030 202 2098 fratrem
227 2033 450 2118 praefecerat.

104 2151 154 2197 20.
171 2134 291 2200 Unum
306 2132 396 2196 enim
413 2131 498 2206 mihi
510 2132 660 2197 restabat
671 2131 768 2205 illud,
780 2121 872 2217 quod
888 2130 1027 2196 forsitan
1045 2153 1114 2196 non

62 2255 165 2300 nemo
181 2235 234 2298 vir
250 2232 343 2298 fortis
360 2243 393 2298 et
409 2232 498 2296 acris
514 2231 618 2296 animi
636 2231 822 2318 magnique
847 2231 989 2296 dixerit:
1019 2244 1028 2272 ⁶
1044 2231 1116 2296 Re·

64 2334 218 2409 stitisses,
233 2353 479 2420 repugnasses,
491 2345 633 2397 mortem
647 2352 809 2418 pugnans
822 2331 1035 2417 oppetisses.'
1061 2331 1114 2398 De
1132 2352 1167 2392 ιο

64 2455 129 2519 quo
145 2447 194 2509 te,
206 2446 252 2509 te,
267 2433 421 2518 inquam,
436 2433 559 2516 patria,
573 2443 689 2505 testor,
702 2443 735 2494 et
750 2453 824 2505 voe,
843 2444 984 2516 penates
1000 2431 1116 2516 patrii-

64 2549 131 2618 quej
146 2535 216 2609 dei,
231 2553 284 2597 me
297 2545 486 2596 vestrarum
503 2531 624 2596 sedum
639 2532 912 2617 templorumque
930 2553 1047 2606 causa,
1060 2552 1115 2595 me

64 2649 203 2721 propter
230 2633 374 2698 salutem
403 2653 556 2696 meorum
587 2630 725 2706 civium,
753 2652 842 2716 quae
872 2631 955 2694 milri
980 2653 1116 2715 semper

65 2733 125 2800 fuit
142 2733 347 2808 mea'carior
361 2732 444 2806 vita,
463 2731 718 2796 dimicationem
735 2731 946 2817 caedemque
971 2731 1113 2817 fugisse.

65 2831 202 2900 Etenim
219 2834 247 2899 si
271 2832 356 2897 mihi
381 2832 415 2896 in
434 2831 548 2917 aliqua
570 2851 658 2895 nave
681 2851 760 2896 cum
783 2832 867 2896 meis
884 2831 1004 2896 amicis
1020 2831 1116 2895 navi·
1133 2849 1166 2905 25

67 2937 160 3019 ganti
185 2937 265 3010 hoc,
286 2932 434 3020 judices,
454 2931 647 3005 accidisset,
664 2943 702 2994 ut
719 2931 814 2995 multi
831 2953 875 2994 ex
900 2931 1015 2996 multis
1031 2931 1116 2996 locis

66 3037 256 3116 praedones
281 3033 449 3098 classibus
473 3051 550 3094 eam
574 3052 699 3104 navem
717 3053 754 3095 se
771 3051 995 3115 oppressuros
1017 3031 1117 3096 mini-

67 3143 229 3209 tarentur,
247 3133 313 3198 nisi
330 3153 384 3196 me
400 3154 508 3196 unum
530 3131 594 3195 sibi
617 3131 839 3205 dedidissent,
858 3131 887 3195 si
911 3131 946 3196 id
962 3145 1116 3198 vectores

68 3247 246 3321 negarent,
264 3255 306 3298 ac
322 3253 458 3297 mecum
487 3231 588 3296 simul
613 3230 750 3295 interire
776 3252 879 3316 quam
905 3253 960 3296 me
981 3232 1115 3297 tradere

70 3331 220 3401 hostibus
244 3333 397 3406 mallent,
420 3331 580 3419 jecissem
604 3330 679 3416 ipse
703 3352 759 3396 me
783 3331 893 3416 potius
918 3331 951 3395 in
977 3332 1116 3417 profun·
1133 3344 1169 3399 30

71 3432 161 3510 dum,
173 3447 210 3500 ut
222 3447 352 3500 ceteros
370 3453 623 3504 conservarem,
637 3452 740 3518 quam
757 3430 834 3496 illos
851 3433 917 3496 mei
935 3443 1004 3497 tam
1022 3433 1116 3519 cupi·

72 3532 130 3601 dos
146 3558 213 3606 non
230 3533 390 3601 modoad
407 3544 535 3598 certam
553 3544 707 3606 mortem,
720 3532 780 3596 sed
797 3532 832 3596 in
850 3554 1015 3620 magnum
1026 3535 1115 3598 vitae

72 3633 249 3701 discrimen
267 3636 488 3700 adducerem.
535 3651 578 3698 21.
603 3632 692 3698 Cum
709 3655 790 3698 vero
807 3634 841 3697 in
858 3634 949 3698 hanc
965 3634 1012 3699 rei
1031 3636 1116 3719 pub-

73 3731 154 3801 licae
168 3759 303 3809 navem,
317 3735 441 3820 ereptis
455 3735 599 3807 senatui,
613 3735 869 3821 gubernaculis,
881 3735 1067 3800 fluitantem
1080 3736 1115 3800 in

74 3835 136 3901 alto
147 3836 404 3922 tempestatibus
417 3835 620 3900 seditionum
636 3857 677 3898 ac
690 3835 950 3907 discordiarum,
964 3847 1115 3899 armatae
1134 3838 1166 3894 35

74 3943 116 4002 tot
145 3938 285 4013 classes,
312 3936 376 4001 nisi
405 3957 471 4024 ego
496 3957 606 3998 issem
632 3957 720 3999 unus
744 3935 891 4008 deditus,
916 3933 1115 3999 incursurae
