2714 4266
121 205 194 246 xv11·
212 193 266 265 50·]
396 195 431 262 T
425 196 467 260 he
489 195 650 262 Fortuna
673 197 721 282 of
733 196 899 284 Pompey.
1133 217 1173 281 75

166 412 212 461 tt.
236 396 424 484 Reliquum
445 407 495 462 est
511 409 547 462 ut
563 398 606 462 de
623 397 781 462 felicitate
802 399 923 485 (quam
941 409 1113 483 praestare
1132 398 1176 462 de

120 519 158 561 se
183 498 257 583 ipso
282 519 384 562 nemo
408 510 529 583 potest,
554 498 1103 598 Qefflllllsssefl{OfflllssPQQ'ase
1132 499 1174 562 de

122 598 229 662 altero
242 619 436 683 possumus,
453 599 540 682 sicut
553 581 709 684 deduuni'
719 577 769 663 ebt
785 577 940 662 hiridirii's
954 580 996 663 de
1009 566 1174 684 pdtislite

121 698 283 783 deorum)
299 698 416 762 timide
434 710 467 762 et
483 720 593 781 pauca
610 699 778 763 dicamus.
821 698 897 786 Ego
911 699 1002 762 enim
1019 699 1069 763 sic
1086 698 1176 763 exis·

120 797 226 861 timo:
258 796 429 872 Maximo,
453 797 635 874 Marcello,
658 797 826 883 Scipioni,
850 799 976 874 Mario,
998 811 1031 863 et
1055 797 1175 863 ceteris
1207 833 1221 886 5

79 895 81 898 ’
122 897 260 986 magnis
277 899 538 984 imperatoribus
555 921 623 964 non
641 901 751 964 solum
770 912 907 985 propter
925 901 1095 974 virtutem,
1114 900 1175 964 sed

121 999 225 1062 etiam
242 1011 380 1083 propter
396 998 566 1063 fortunam
584 999 721 1083 saepius
738 999 881 1084 imperia
900 1000 1060 1064 mandata
1074 1012 1175 1086 atque

121 1097 292 1164 exercitus
310 1120 385 1164 esse
402 1100 614 1164 commissos.
664 1099 744 1164 Fuit
760 1099 851 1164 enim
870 1100 1020 1185 profecto
1036 1100 1177 1186 quibus-

122 1199 203 1264 dam
232 1200 375 1264 summis
402 1199 483 1264 viris
510 1201 682 1286 quaedam
712 1200 756 1264 ad
785 1201 1045 1285 amplitudinem
1074 1201 1177 1264 etad

123 1299 271 1386 gloriam
299 1311 333 1364 et
361 1301 404 1365 ad
433 1321 487 1365 res
516 1320 662 1388 magnas
689 1301 779 1365 bene
811 1301 983 1387 gerendas
1015 1301 1176 1365 divinitus
1192 1336 1222 1370 10

124 1399 286 1488 adjuncta
303 1400 446 1464 fortuna.
495 1400 549 1464 De
566 1400 667 1488 hujus
691 1414 803 1464 autem
829 1401 977 1464 hominis
1001 1401 1174 1476 felicitate,

123 1501 167 1564 de
191 1522 259 1587 quo
283 1522 375 1565 nunc
400 1500 548 1587 agimus,
571 1501 637 1565 hac
660 1513 737 1564 utar
764 1501 996 1565 moderatione
1025 1501 1175 1575 dicendi,

124 1622 192 1665 non
210 1601 295 1665 utin
312 1600 403 1666 illius
420 1612 584 1686 potestate
602 1601 772 1666 fortunam
790 1601 935 1686 positam
952 1623 1027 1666 esse
1047 1603 1175 1676 dicam,

123 1702 184 1765 sed
201 1712 238 1765 ut
252 1701 433 1786 praeterita
450 1701 660 1776 meminisse,
679 1701 811 1787 reliqua
828 1723 967 1787 sperare
983 1702 1175 1776 videamur,

125 1823 168 1866 ae
182 1813 240 1864 aut
252 1801 361 1865 invisa
379 1801 431 1866 dis
449 1801 696 1866 immortalibus
712 1801 820 1866 oratio
836 1815 951 1866 nostra
969 1813 1026 1866 aut
1041 1802 1177 1889 ingrata
1192 1835 1222 1884 ¹5

123 1921 199 1965 esse
212 1901 378 1966 videatur.
420 1918 466 1964 ta.
491 1900 610 1986 Itaque
623 1923 692 1965 non
706 1922 780 1965 sum
795 1901 1053 1986 praedicaturus
1070 1923 1178 1988 quan-

35 2065 39 2072 ,
123 2020 175 2066 tas
203 2000 261 2065 ille
288 2023 343 2066 res
372 2001 464 2066 domi
493 2000 648 2076 militiae,
674 1999 955 2087 terra'marique,
982 2013 1177 2088 quantaque

123 2101 283 2166 r'elicitate
296 2102 461 2188 gesserit3
488 2113 524 2165 ut
539 2100 613 2189 ejus
627 2122 763 2186 semper
776 2102 1004 2192 voluntatibus
1021 2124 1088 2166 non
1107 2115 1178 2166 mo*

123 2201 169 2266 do
185 2201 279 2266 cives
301 2201 527 2277 adsenserint,
546 2201 629 2266 socii
654 2203 934 2286 obtemperarint,
959 2203 1072 2266 hostes
1097 2202 1177 2267 obe-

124 2301 259 2376 dierint,
278 2303 341 2368 sed
358 2302 459 2376 etiam
477 2302 568 2366 venti
584 2314 872 2387 tempestatesque
889 2302 1175 2366 obsecundarint:
1191 2333 1223 2366 20

126 2422 191 2466 noc
213 2400 413 2467 brevissime
438 2403 564 2476 dicam,
587 2403 758 2466 nerninem
784 2423 948 2487 umquam
973 2416 1042 2467 tam
1067 2402 1177 2487 impu-

123 2503 261 2567 dentem
278 2501 396 2576 suisse‚
410 2503 467 2589 qui
486 2503 529 2566 ab
546 2502 598 2567 dis
616 2501 865 2567 immortalibus
882 2513 929 2566 tot
945 2513 978 2566 et
994 2513 1104 2566 tantas
1122 2522 1176 2566 res

123 2603 246 2668 tacitus
266 2604 408 2667 auderet
426 2620 558 2687 optare,
578 2616 660 2690 quot
680 2615 712 2667 et
736 2616 881 2689 quantas
906 2603 940 2666 di
965 2603 1175 2666 immortales

46 2717 49 2725 ⁴
123 2703 168 2767 aci
186 2700 252 2766 Cn.
272 2700 474 2785 Pompeium
492 2703 696 2768 detulerunt.
748 2701 852 2786 Qud
870 2714 905 2767 ut
929 2702 977 2764 illi
1002 2701 1176 2787 proprium

124 2825 166 2868 ac
197 2815 400 2887 perpetuum
433 2803 486 2878 sit,
522 2802 687 2887 Quirites,
718 2823 797 2867 cum
829 2803 1019 2866 communis
1059 2803 1176 2866 salutis
1192 2833 1222 2881 ²5

53 2887 69 2909 ’
125 2922 226 2993 atque
247 2905 366 2991 imperi
390 2917 461 2970 tum
485 2903 593 2989 ipsius
618 2903 765 2969 hominis
790 2920 908 2977 causa,
929 2901 1027 2966 sicuti
1052 2902 1174 2978 facitis,

124 3008 213 3074 velle
229 3017 262 3071 et
277 3018 394 3092 optare
411 3005 553 3071 debetis.
588 2994 629 3068 ts

169 3123 216 3171 49.
241 3105 321 3192 Qa
345 3127 540 3180 re,-cum
565 3115 598 3169 et
622 3104 749 3169 bellum
769 3103 812 3169 sit
830 3102 875 3168 ita
892 3103 1124 3168 necessarium
1139 3111 1177 3168 ut

125 3205 265 3294 neglegi
302 3227 372 3269 non
409 3204 528 3291 possit,
560 3205 606 3268 ita
644 3224 811 3292 magnum
848 3215 884 3267 ut
921 3203 1175 3267 accuratissime

125 3307 167 3372 sit
195 3304 523 3379 administrandum
559 3315 593 3369 et
620 3325 698 3368 cum
726 3304 757 3368 ei
786 3304 1025 3388 imperatorem
1054 3304 1176 3386 praefi·
1192 3333 1224 3382 30

125 3427 203 3470 cere
220 3404 367 3490 possitis
386 3404 421 3467 in
439 3426 506 3491 quo
523 3403 565 3468 sit
581 3404 712 3467 eximia'
724 3404 805 3468 belli
823 3403 977 3478 scientia,
992 3403 1176 3490 singularis

26 3495 29 3503 Α
126 3506 243 3580 virtus,
259 3503 449 3570 clarissima
464 3503 658 3577 auctoritas
675 3504 817 3590 egregia
831 3503 978 3578 fortuna,
990 3541 1034 3551 -—
1045 3504 1177 3567 dubita·

126 3605 180 3681 tis,
200 3604 363 3691 Quirites,
382 3604 465 3690 quin
481 3603 548 3667 hoc
564 3614 694 3667 tantum
712 3603 805 3678 boni,
824 3604 916 3690 quod
935 3604 1031 3669 vobis
1056 3605 1099 3666 ab
1123 3603 1176 3668 dis

125 3705 373 3770 immortalibus
396 3704 548 3769 oblatum
573 3714 605 3768 et
629 3704 744 3767 datum
769 3715 832 3778 est,
851 3703 885 3793 in
908 3723 978 3766 rem
1003 3703 1176 3790 publicam

126 3806 399 3880 conservandam
417 3815 517 3891 atque
534 3803 813 3888 amplificandam
832 3791 1036 3866 conferatis?
1082 3823 1173 3867 xvu.
1195 3835 1226 3884 35

126 3922 174 3968 oo.
198 3903 303 3990 Quod
327 3903 355 3968 si
379 3903 515 3970 Romae
539 3901 607 3968 Cn.
626 3901 810 3987 Pompeius
831 3901 982 3986 privatus
1003 3915 1092 3967 esset
1111 3905 1176 3969 hoc
