2714 4266
101 213 181 264 artur.
204 211 259 281 13·]
368 211 403 278 T
396 213 439 276 he
468 212 581 278 Claz'm
605 212 653 300 ‘ff
671 211 896 300 Cz'tr‘zenslrtp.
1112 226 1153 295 55

103 415 257 479 homines
284 414 320 478 in
350 415 512 480 extremis
541 427 641 501 atque
670 414 797 478 ultimis
826 413 985 501 gentibus
1013 412 1153 498 positos,

102 516 215 578 nobile
232 527 265 578 et
281 515 421 578 inlustre
440 516 531 599 apud
549 516 660 579 omnis
678 536 803 579 nomen
821 513 966 578 civitatis
982 525 1060 576 tuae
1078 534 1155 597 pro-

100 615 230 690 ruisset,
243 615 368 690 -ille‚
388 616 540 700 quisquis
557 627 641 688 erat,
660 636 762 701 quem
781 627 815 678 tu
833 615 867 676 in
885 635 1022 677 crucem
1045 613 1156 696 rapie-

102 729 175 790 bas,
197 714 254 800 qui
280 715 338 778 tibi
363 727 453 778 esset
477 718 627 801 ignotus,
650 736 728 778 cum
755 714 864 804 ciuem
890 735 926 777 se
955 713 1153 777 Romanum

99 837 176 880 esse
201 815 341 889 diceret,
364 814 455 899 apud
479 827 511 879 te
536 825 742 899 praetorem,
765 814 793 879 si
818 835 886 878 non
911 813 1091 900 effugium,
1111 833 1154 876 ne
1182 833 1199 890 ς

99 935 232 979 moram
264 914 402 1000 quidem
437 914 567 988 mortis,
598 914 770 978 mentione
803 925 904 1000 atque
932 911 1154 996 usurpatione

99 1013 258 1089 civitatis,
285 1013 427 1100 adsequi
452 1011 582 1099 potuit?

146 1134 233 1179 va.
259 1131 296 1177 11.
321 1112 490 1179 Homines
514 1127 646 1190 tenues,
672 1113 820 1180 obscuro
848 1113 924 1178 loco
951 1111 1034 1187 nati,
1060 1111 1156 1176 navi·

99 1225 206 1302 gant3
240 1216 368 1279 adeunt
392 1216 436 1280 ad
461 1236 502 1280 ea
525 1215 600 1280 loca
623 1236 712 1302 quae
733 1236 921 1301 numquam
942 1225 1043 1278 antea
1061 1213 1156 1276 vide-

98 1326 199 1392 runt3
232 1315 289 1378 ubi
318 1335 430 1400 neque
458 1314 527 1380 noti
556 1337 632 1380 esse
661 1315 711 1380 eis
739 1336 807 1400 quo
839 1325 1017 1389 venerunt,
1044 1333 1156 1400 neque
1171 1339 1201 1375 ιο

99 1436 238 1500 semper
255 1437 332 1478 cum
351 1415 585 1503 cognitoribus
607 1437 682 1480 esse
707 1426 861 1500 possunt.
911 1405 990 1478 Hac
1014 1434 1083 1477 una
1106 1425 1156 1476 ta-

99 1537 180 1579 men
197 1514 324 1580 fiducia
341 1515 497 1590 civitatis,
513 1537 582 1580 non
601 1516 702 1581 modo
719 1515 810 1599 apud
828 1525 960 1580 nostros
978 1513 1165 1600 magistra-¹

97 1628 168 1690 tuS,
182 1615 239 1701 qui
257 1627 290 1680 et
306 1617 424 1702 legum
442 1626 473 1679 et
486 1615 747 1680 existimationis
762 1615 914 1699 periculo
928 1614 1154 1688 continentur,

98 1738 213 1802 neque
231 1716 321 1801 apud
340 1715 423 1780 civis
447 1716 557 1780 solum
584 1714 776 1790 Romanos,
795 1714 852 1801 qui
878 1727 910 1778 et
933 1713 1099 1778 sermonis
1124 1723 1157 1777 et

105 1816 194 1904 juris
218 1827 251 1880 et
274 1817 457 1880 multarum
482 1837 597 1880 rerum
619 1815 779 1880 societate
793 1814 902 1902 juncti
920 1826 1011 1888 sunt,
1029 1813 1101 1878 sore
1119 1835 1156 1878 se
1173 1839 1203 1890 ις

97 1928 190 1981 tutos
208 1915 432 1988 arbitrantur3
458 1916 532 1991 sed,
551 1937 769 2002 quocumque
789 1914 958 1987 venerint,
978 1917 1068 1979 hanc
1091 1913 1156 1995 sibi

98 2037 174 2080 rem
191 2015 361 2100 praesidio
379 2027 519 2100 sperant
535 2015 697 2079 futuram.
746 2031 788 2078 la.
811 2015 913 2080 Tolle
934 2015 1024 2079 hanc
1044 2036 1171 2100 spem„
1188 2057 1191 2063 ,

98 2117 181 2181 tolle
199 2117 264 2179 hoc
280 2115 490 2200 praesidium
507 2115 639 2180 civibus
660 2115 851 2189 Romanis3
884 2115 1048 2180 constitue
1071 2114 1156 2178 nihil

99 2240 177 2282 esse
194 2217 268 2300 opis
285 2215 319 2278 in
337 2217 403 2280 hac
420 2238 517 2291 voce,
543 2215 638 2281 Crhrlr
655 2215 836 2280 Rornonas
852 2237 925 2279 sum
934 2237 947 2294 ,·
980 2236 1081 2300 posse
1094 2215 1158 2278 im·

98 2338 193 2403 pune
211 2329 414 2401 praetorem,
430 2329 488 2380 aut
505 2316 609 2380 alium
627 2317 826 2403 quemlibet,
842 2315 1047 2400 supplicium
1064 2315 1156 2402 quod
1171 2338 1202 2372 20

98 2417 183 2482 velit
201 2415 236 2479 in
257 2437 335 2480 eum
356 2417 560 2481 constituere
581 2416 639 2502 qui
660 2439 697 2480 se
722 2417 832 2480 civem
857 2415 1054 2480 Romanum
1080 2437 1156 2480 esse

99 2517 204 2590 dicat,
223 2515 315 2601 quod
332 2537 409 2579 eum
430 2516 507 2602 quis
531 2516 685 2604 ignoret3
715 2516 787 2604 jam
811 2515 924 2580 omnis
948 2516 1153 2600 provincias,

105 2618 179 2704 jam
208 2616 324 2680 omnia
352 2637 473 2702 regna,
500 2616 572 2702 jam
601 2616 712 2681 omnis
741 2617 866 2681 liberas
895 2615 1059 2690 civitates,
1082 2617 1155 2704 jam

97 2737 238 2782 omnem
256 2715 374 2779 orbem
392 2727 572 2791 terrarum,
591 2717 649 2802 qui
666 2739 803 2801 semper
818 2717 942 2782 nostris
962 2715 1156 2782 hominibus
1184 2747 1187 2753 ·

99 2815 253 2880 maxime
278 2815 397 2900 patuit,
417 2815 548 2880 civibus
573 2815 742 2882 Romanis
759 2817 823 2882 ista
841 2817 1039 2882 defensione
1056 2839 1156 2903 prae·
1171 2839 1199 2889 τε

99 2915 257 2980 cluseris.
309 2912 402 2997 Qid
431 2915 460 2980 si
485 2914 527 2979 L.
556 2916 741 2992 Raecium,
768 2917 916 3004 equitem
941 2918 1154 2994 Romanum,

98 3016 250 3102 quitum
271 3014 306 3078 in
328 3013 447 3079 Sicilia
472 3027 556 3090 erat,
576 3016 796 3082 nominabat?
828 3017 975 3082 etiamne
999 3018 1033 3081 id
1059 3039 1157 3104 mag-

33 3142 36 3147 ·
99 3137 184 3181 num
213 3114 287 3190 fuit,
313 3114 547 3180 Panhormum
571 3117 699 3183 litteras
724 3116 877 3182 mittere?
923 3117 1156 3183 Adservasses

101 3215 298 3289 hominem;
332 3216 493 3281 custodiis
519 3215 805 3284 Mamertinorum
829 3229 964 3282 tuorum
989 3219 1153 3293 vinctum,

102 3316 259 3382 clausum
281 3316 472 3389 habuisses,
495 3317 578 3382 dum
602 3317 799 3383 Panhormo
828 3317 980 3382 Raecius
1004 3318 1155 3394 veniret;
1170 3339 1200 3389 30

101 3426 327 3504 cognosceret
343 3416 532 3492 hominem,
551 3417 680 3504 aliquid
698 3418 739 3482 de
758 3440 892 3482 summo
912 3417 1080 3503 supplicio
1104 3439 1157 3483 re·

102 3516 265 3580 mitteres.
314 3515 352 3581 Si
370 3516 558 3605 ignoraret,
576 3529 660 3593 tum,
679 3519 708 3582 si
732 3518 778 3582 ita
801 3519 861 3582 tibi
885 3518 1068 3592 videretur,
1092 3517 1156 3582 hoc

107 3615 194 3705 juris
218 3615 253 3679 in
277 3616 389 3680 omnis
414 3617 650 3692 constitueres,
673 3629 722 3692 ut,
745 3618 803 3705 qui
832 3639 942 3703 neque
970 3617 1029 3682 tibi
1057 3629 1156 3682 notus

103 3726 205 3791 esset,
235 3737 347 3802 neque
378 3716 591 3804 cognitorem
623 3718 829 3803 locupletem
862 3720 970 3794 daret,
999 3718 1157 3805 quamvis

104 3816 186 3880 civis
211 3816 393 3881 Romanus
417 3829 518 3891 esset,
544 3817 579 3881 in
603 3839 741 3882 crucem
765 3819 949 3884 tolleretur.
1172 3837 1202 3888 35

148 3936 249 3982 var.
275 3931 316 3980 ra.
340 3915 412 3982 Sed
436 3916 518 4004 quid
541 3938 609 4006 ego
632 3919 732 4004 plura
756 3919 799 3984 de
824 3917 957 3984 Gavio?
998 3917 1097 4005 quasi
1120 3929 1156 3983 tu
