2668 4262
206 215 271 303 136
497 220 711 308 Citizcnska'p
735 222 783 308 aff
795 219 960 286 Archalla.
1146 217 1247 288 [ΑΜΕ

204 422 324 487 ceteris
344 419 451 487 Asiae
483 421 635 508 partibus
667 434 879 510 cunctaeque
908 421 1074 487 Graeciae
1105 420 1159 486 sic
1186 420 1252 508 ejus

204 524 371 588 adventus
397 523 671 598 celebrabantur,
690 534 726 587 ut
750 521 877 586 famam
903 522 1020 610 ingeni
1046 522 1253 607 exspectatio

205 623 364 696 hominis,
383 623 674 707 exspectationem
700 622 808 708 ipsius
826 624 992 687 adventus
1010 623 1254 706 admiratioque

204 734 391 807 superaret.
432 736 459 783 o.
475 719 558 786 Erat
572 722 671 786 ltalia
684 734 765 789 tunc
781 724 883 809 plena
901 722 1113 787 Graecarum
1133 723 1254 786 artium

170 853 186 907 5
205 844 245 887 ac
261 822 533 909 disciplinarum,
553 822 732 908 studiaque
748 824 836 888 haec
852 833 886 887 et
901 823 935 886 in
955 822 1056 888 Latio
1069 823 1254 887 vehemen-

204 924 269 988 tius
291 935 361 987 tum
382 923 581 989 colebantur
602 942 705 1007 quam
729 943 822 986 nunc
846 923 977 988 eisdem
1003 923 1037 986 in
1054 921 1208 1007 oppidis,
1225 933 1255 984 et

148 1053 150 1058 ·
204 1023 260 1087 hic
288 1023 423 1090 Romae
448 1034 585 1109 propter
611 1022 889 1108 tranquillitatem
918 1023 966 1088 rei
998 1022 1160 1108 publicae
1190 1041 1254 1084 non

203 1124 488 1210 neglegebantur.
550 1122 668 1208 Itaque
697 1124 788 1186 hunc
814 1133 847 1186 et
868 1121 1045 1187 Tarentini
1066 1133 1098 1186 et
1122 1119 1253 1208 Regini

203 1234 236 1286 et
251 1222 472 1308 Neapolitani
499 1223 633 1288 civitate
662 1221 852 1308 ceterisque
879 1222 1039 1308 praemiis
1060 1223 1254 1291 donarunt;

155 1351 185 1387 ιο
202 1335 235 1387 et
251 1343 382 1397 ornnes
402 1323 458 1410 qui
491 1322 618 1408 aliquid
647 1322 690 1387 de
722 1321 871 1408 ingeniis
903 1333 1057 1408 poterant
1080 1321 1251 1409 judicare,

202 1423 397 1509 cognitione
414 1435 514 1508 atque
532 1422 678 1508 bospitio
701 1421 845 1508 dignum
875 1422 1155 1500 existimaruntts
1179 1419 1253 1484 Hac

201 1532 294 1587 tanta
308 1523 502 1587 celebritate
520 1523 631 1586 famae
645 1543 723 1587 curn
737 1532 826 1586 esset
837 1520 911 1608 jam
925 1521 1119 1585 absentibus
1140 1535 1249 1594 notus,

202 1621 352 1687 Romam
373 1623 465 1687 venit
490 1621 603 1687 Mario
629 1622 770 1687 consule
797 1632 831 1686 et
857 1619 993 1686 Catulo.
1043 1619 1180 1684 Nactus
1205 1629 1252 1682 est

202 1722 348 1806 primum
378 1722 536 1787 consules
564 1743 635 1793 eos,
663 1743 807 1807 quorum
837 1722 921 1786 alter
947 1741 1001 1784 res
1029 1720 1072 1783 ad
1100 1720 1251 1784 scriben-

155 1849 185 1901 ις
201 1824 282 1887 dum
300 1822 482 1896 maximas,
496 1822 579 1885 alter
595 1842 673 1886 cum
691 1843 745 1886 res
762 1833 876 1909 gestas
893 1833 964 1885 tum
982 1820 1084 1884 etiam
1101 1820 1250 1884 studium

202 1935 301 2008 atque
331 1921 422 1986 auris
454 1921 618 1986 adhibere
650 1933 777 2006 posset.
841 1920 963 1987 Statim
992 1920 1144 1994 Luculli,
1174 1939 1249 1986 cum

201 2034 430 2107 praetextatus
455 2020 556 2084 etiam
589 2032 659 2084 turn
692 2019 841 2086 Archias
868 2034 971 2096 esset,
998 2043 1077 2087 eum
1108 2022 1249 2087 domum

201 2141 297 2185 suam
319 2134 532 2206 receperunt.
591 2119 651 2186 Sic
675 2122 777 2185 etiam
810 2123 875 2187 hoc
900 2144 968 2188 non
994 2124 1104 2189 solum
1131 2121 1248 2212 ingeni
1317 2157 1318 2164 .

200 2242 242 2286 ae
266 2223 464 2294 litterarum,
484 2242 602 2286 verum
627 2222 729 2285 etiam
755 2235 896 2286 naturae
924 2236 1024 2309 atque
1049 2224 1195 2299 virtutis,
1216 2233 1249 2287 ut

153 2348 186 2384 ιο
200 2322 334 2397 domuS,
352 2341 440 2406 quae
475 2321 575 2408 hujus
608 2322 860 2387 adulescentiae
892 2323 1001 2408 prima
1034 2325 1246 2399 luit,eadem

200 2433 290 2486 esset
320 2419 587 2485 familiarissima
620 2421 796 2486 senectuti.
860 2438 888 2485 o.
928 2423 1010 2487 Erat
1040 2427 1247 2510 temporibus

199 2521 265 2586 illis
285 2521 459 2609 jucundus
484 2519 625 2585 Metello
647 2519 695 2585 illi
720 2520 906 2588 Numidico
930 2536 962 2588 et
981 2524 1055 2611 ejus
1072 2523 1134 2589 Pio
1157 2525 1244 2596 fiti03

199 2621 400 2686 audiebatur
424 2641 444 2684 a
468 2619 518 2684 Μ.
537 2618 707 2695 Aemili03
732 2621 868 2688 vivebat
890 2644 967 2688 cum
993 2623 1048 2707 Q.
1066 2622 1191 2691 Catulo
1216 2633 1246 2688 et

199 2734 293 2805 patre
310 2733 343 2785 et
358 2720 428 2785 tilio
442 2741 449 2794 3
469 2741 488 2784 a
505 2718 549 2783 L.
564 2719 692 2786 Crasso
717 2722 911 2796 colebatur3
936 2721 1102 2788 Lucullos
1119 2746 1201 2789 vero
1215 2731 1246 2787 et

150 2847 181 2898 25
200 2821 349 2885 Drusum
367 2831 399 2885 et
411 2820 574 2885 Octavios
591 2832 623 2884 et
636 2820 803 2887 Catonem
821 2834 853 2887 et
865 2834 966 2888 totam
987 2823 1245 2890 Hortensiorum

198 2922 336 2986 domum
362 2921 555 2986 devinctam
578 2923 824 2988 consuetudine
849 2945 927 2988 curn
949 2934 1090 2997 teneret,
1109 2924 1245 2989 adlicie·
1315 2907 1316 2932 i

197 3021 295 3084 batur
319 3042 452 3085 summo
478 3021 620 3096 bonore,
643 3023 734 3108 quod
759 3044 836 3088 eum
862 3044 929 3088 non
955 3025 1064 3088 solum
1089 3025 1245 3088 colebant

195 3119 254 3204 qui
281 3119 409 3206 aliquid
435 3120 611 3205 percipere
639 3134 740 3211 atque
769 3122 887 3187 audire
915 3123 1108 3196 studebant,
1126 3145 1230 3188 verur.

197 3220 298 3284 etiam
315 3220 344 3284 si
360 3217 417 3306 qui
439 3219 523 3283 sorte
542 3222 760 3286 simulabant.
810 3241 860 3285 1v.
888 3221 1026 3285 Interim
1044 3223 1124 3287 satis
1141 3223 1243 3310 longo

151 3348 181 3398 30
197 3319 387 3395 intervallo,
406 3341 483 3385 cum
508 3334 597 3385 esset
614 3342 691 3385 cum
709 3321 762 3385 M.
782 3320 929 3387 Lucullo
946 3321 980 3384 in
998 3320 1152 3387 Siciliam
1170 3345 1240 3408 pro·

197 3420 316 3496 sectus,
340 3432 374 3485 et
399 3442 476 3484 cum
504 3443 548 3484 ex
575 3441 616 3484 ea
644 3421 818 3505 provincia
847 3442 924 3486 curn
951 3422 1071 3486 eodem
1098 3420 1240 3487 Lucullo

196 3521 387 3595 decederet,
416 3521 509 3585 venit
537 3520 757 3585 Heracliam=
790 3541 982 3608 quaecum
1011 3533 1101 3586 esset
1126 3523 1239 3586 civitas

196 3621 401 3705 aequissimo
426 3621 503 3708 jure
533 3639 572 3682 ac
599 3620 749 3691 foedere,
769 3620 892 3685 ascribi
918 3643 955 3685 se
979 3621 1014 3684 in
1035 3641 1111 3685 earn
1130 3621 1238 3686 civita·
1313 3627 1314 3630 ’

195 3729 263 3782 tem
279 3719 406 3792 voluit3
431 3718 547 3803 idque,
567 3738 643 3781 cum
666 3718 738 3802 ipse
765 3739 826 3802 per
842 3741 879 3784 se
905 3720 1030 3807 dignus
1057 3732 1235 3805 putaretur,
1313 3739 1314 3758 t

151 3829 265 3890 35tum
303 3817 500 3881 auctoritate
528 3827 561 3879 et
586 3817 697 3902 gratia
729 3815 867 3881 Luculli
893 3819 935 3883 ab
963 3818 1236 3885 Heracliensibus

197 3915 400 3999 impetravit.
