2714 4266
216 213 234 258 2
537 193 694 279 Defenco
718 197 764 279 of
782 193 941 258 Roscius.
1071 192 1176 262 [ROSC-
1198 193 1265 245 Au·

214 392 330 462 (hospes)
343 391 527 458 undefended,
542 392 682 460 prevailed
693 380 770 462 ¹upon
788 393 894 458 Cicero,
909 394 974 446 then
991 410 1085 464 young
1103 393 1156 446 and
1176 393 1267 446 ambi-

215 483 299 545 tious,
314 491 343 536 to
355 482 456 536 defend
470 483 534 535 him.
573 485 653 535 Even
666 482 708 535 sor
721 500 753 536 so
766 500 860 554 young
872 484 927 536 ancl
940 483 1060 537 obscure
1078 501 1095 537 a
1113 501 1188 546 man,
1208 485 1267 537 this

215 591 271 628 was
285 591 319 626 an
332 583 378 627 act
390 574 450 628 that
468 573 557 626 called
577 573 620 626 sor
640 573 838 627 disinterested
859 591 999 644 courage3
1022 573 1077 626 and
1098 575 1216 644 nothing
1237 576 1267 626 in
1343 599 1344 604 =

208 665 339 718 ·Cicer0’s
360 681 454 718 career
475 665 499 717 is
520 681 597 718 more
616 674 645 717 to
665 665 708 718 his
728 665 822 718 credit.
862 665 903 735 By
916 665 962 718 the
976 665 1129 721 successful
1143 664 1267 718 conduct
1343 649 1344 654 ἵ

215 755 248 808 of
265 755 320 808 this
340 771 413 819 case,
427 755 462 808 he
482 754 613 808 obtained
634 756 680 807 the
694 754 881 808 well-merited
895 757 964 808 rank
978 754 1010 808 of
1028 772 1044 808 a
1057 754 1150 808 leader
1163 771 1268 825 among

216 846 264 900 the
276 847 364 916 rising
376 843 525 898 advocates
538 845 570 897 os
587 847 684 898 Rome.
722 846 783 916 The
797 845 912 898 desence
925 845 957 899 of
971 847 1092 899 Roscius
1106 847 1130 898 is
1144 846 1190 900 the
1203 846 1268 898 first

215 936 249 990 os
264 937 386 990 Cicero’s
399 935 492 1004 public
505 936 628 988 orations
641 951 674 988 or
686 936 781 1004 pleas3
801 936 855 988 and
869 936 890 989 it
902 937 926 988 is
943 936 1083 990 criticised
1098 935 1135 1008 by
1147 935 1264 991 himself

217 1029 245 1081 in
258 1028 306 1081 the
322 1028 432 1093 Orator,
446 1027 525 1096 chap.
539 1041 581 1094 30.

193 1253 201 1266 .
291 1206 426 1272 REDO
455 1229 521 1295 ego
549 1228 622 1282 vos,
649 1205 802 1294 Judices‚
833 1207 948 1272 mirari
975 1208 1057 1294 quid
1086 1208 1127 1273 sit
1158 1208 1265 1294 quod,

336 1327 413 1370 cum
435 1317 483 1371 tot
505 1305 627 1370 summi
649 1317 799 1370 oratores
819 1306 1043 1393 hominesque
1064 1305 1268 1371 nobilissimi

218 1406 372 1480 sedeant,
391 1427 458 1492 ego
482 1404 692 1490 potissimum
716 1405 935 1480 surrexerim,
953 1406 1011 1493 qui
1028 1428 1140 1492 neque
1157 1418 1269 1470 aetate

218 1525 329 1590 neque
345 1504 486 1591 ingenio
502 1521 614 1590 neque
631 1504 829 1569 auctoritate
846 1505 908 1569 sim
927 1527 1005 1569 cum
1028 1505 1093 1579 his,
1112 1505 1169 1591 qui
1191 1507 1270 1570 sed-

191 1616 311 1682 seant,
336 1604 600 1690 comparandus.
650 1603 781 1669 Omnes
805 1605 853 1679 hi,
874 1627 961 1690 quos
984 1605 1107 1670 videtis
1132 1606 1268 1680 adesse,

219 1704 254 1768 in
280 1705 346 1768 hac
370 1725 474 1769 causa
499 1704 657 1792 injuriam
682 1727 770 1769 novo
796 1705 923 1768 scelere
946 1705 1126 1768 conflatam
1149 1717 1271 1788 putant
1343 1737 1344 1744 2

220 1817 375 1888 oportere
404 1805 555 1879 defendi,
583 1805 767 1868 defendere
795 1804 860 1888 ipsi
890 1817 1027 1888 propter
1055 1803 1269 1890 iniquitatem

220 1915 412 1987 temporum
444 1926 512 1968 non
544 1905 690 1976 audent;
731 1902 776 1966 ita
808 1904 845 1967 fit
868 1909 912 1966 ‘ut
943 1903 1056 1967 adsint
1088 1916 1270 1988 propterea

221 2004 312 2088 quod
340 2003 489 2066 officium
518 2016 715 2089 sequuntur,
739 2013 875 2067 taceant
899 1993 1011 2091 autem
1036 2003 1164 2067 idcirco
1188 2003 1270 2088 quia

176 2129 206 2165 ιο
221 2103 411 2188 periculum
436 2103 553 2168 vitant.

266 2220 294 2266 2.
357 2203 414 2267 uid
450 2202 559 2290 ergo?
617 2201 879 2268 Audacissimus
911 2225 977 2288 ego
1009 2223 1052 2268 ex
1084 2201 1272 2266 omnibus?

222 2303 380 2368 Minime.
430 2301 477 2366 At
496 2315 588 2366 tanto
608 2302 790 2366 officiosior
807 2324 909 2387 quam
928 2301 1053 2366 ceteri?
1100 2301 1156 2365 Ne
1173 2301 1272 2365 istius

222 2404 360 2489 quidem
383 2403 495 2466 laudis
519 2401 565 2466 ita
591 2401 661 2466 sim
680 2402 839 2486 cupidus,
862 2413 899 2465 ut
922 2401 997 2465 aliis
1015 2423 1091 2464 eam
1109 2421 1271 2486 praerep-

221 2515 291 2568 tam
308 2503 424 2567 velim.
477 2501 578 2585 Qae
596 2523 650 2565 me
667 2502 771 2586 igitur
787 2522 842 2564 res
858 2513 993 2586 praeter
1010 2513 1141 2565 ceteros
1158 2501 1271 2585 impu-

176 2628 206 2682 ις
222 2604 272 2680 lit,
290 2614 328 2667 ut
351 2624 491 2667 causam
515 2601 599 2666 Sex.
621 2600 727 2664 Rosci
757 2599 976 2683 reciperem?
1024 2599 1131 2686 Quia,
1151 2601 1177 2663 si
1195 2601 1272 2686 quis

223 2705 344 2768 horum
370 2703 522 2775 dixisset,
542 2723 627 2787 quos
646 2699 768 2764 videtis
793 2701 925 2773 adesse,
944 2699 978 2763 in
996 2702 1119 2786 quibus
1137 2721 1273 2764 summa
1343 2713 1344 2716 ’

224 2803 406 2867 auctoritas
428 2814 479 2866 est
503 2814 603 2886 atque
628 2799 829 2883 amplitud0,
849 2799 876 2864 si
897 2799 1040 2864 verbum
1063 2801 1105 2864 de
1127 2821 1164 2864 re
1187 2801 1274 2884 pub-

223 2903 290 2968 lica
321 2901 573 2977 fecisset-id
604 2901 696 2986 quod
728 2899 762 2964 in
796 2901 862 2963 hac
894 2899 999 2964 causa
1027 2899 1100 2964 fieri
1129 2921 1273 2965 necesse

224 3003 458 3078 est,-multo
487 3003 584 3086 plura
614 3001 742 3066 dixisse
771 3022 874 3086 quam
903 2999 1045 3065 dixisset
1075 3012 1274 3084 putaretur:

178 3118 252 3166 ποθ.
276 3124 342 3191 ego
367 3101 497 3168 etiamsi
521 3099 636 3165 omnia
664 3121 752 3186 quae
780 3101 927 3165 dicenda
955 3111 1034 3165 sunt
1060 3099 1166 3164 libere
1198 3100 1277 3164 dix·

224 3223 296 3278 ero,
330 3222 548 3288 nequaquam
584 3212 698 3264 tamen
735 3199 889 3266 similiter
923 3200 1030 3266 oratio
1068 3221 1146 3264 mea
1178 3200 1275 3265 exire

226 3316 326 3389 atque
346 3303 380 3367 in
397 3302 520 3389 volgus
541 3321 702 3365 emanare
722 3300 856 3385 poterit.
905 3300 1054 3376 Deinde,
1072 3301 1163 3387 quod
1184 3313 1276 3365 cete·

224 3424 340 3468 rorum
372 3423 483 3488 neque
515 3401 853 3466 dictum-obscurum
884 3411 993 3485 potest
1021 3421 1109 3473 esse,
1135 3413 1276 3484 propter

225 3502 435 3566 nobilitatem
459 3512 492 3566 et
513 3500 786 3585 amplitudinem,
805 3522 916 3586 neque
938 3512 1067 3565 temere
1087 3501 1175 3564 dicto
1193 3521 1276 3564 con-

179 3627 210 3680 25
227 3601 314 3672 cedi,
345 3613 483 3685 propter
514 3612 660 3664 aetatem
693 3612 725 3664 et
757 3601 993 3684 prudentiam:
1033 3621 1099 3686 ego
1132 3600 1158 3663 si
1191 3601 1275 3685 quid

226 3699 364 3763 liberius
396 3701 528 3771 dixero,
558 3699 612 3762 vel
644 3699 814 3763 occultum
847 3720 935 3772 esse,
972 3712 1151 3783 propterea
1182 3699 1276 3784 quod

226 3799 377 3862 nondum
406 3798 449 3862 ad
477 3819 549 3860 rem
578 3797 751 3882 publicam
782 3797 924 3872 accessi,
949 3799 1004 3861 vel
1032 3797 1165 3884 ignosci
1191 3799 1277 3860 adu-

227 3895 410 3960 lescentiae
443 3895 789 3979 poterit,-tametsi
828 3916 896 3959 non
934 3897 1036 3961 modo
1072 3896 1291 3988 ignoscendi,
