2716 4266
60 213 181 255 xxxm·
199 200 254 273 89·]
286 201 419 268 Crr'mcs
442 203 517 268 and
537 202 704 268 Madnasa
728 205 776 290 of
795 203 947 270 Clodius.
1066 222 1130 288 203

109 421 162 470 er.
192 405 288 469 Dura
312 404 614 496 (mediusfidius)
646 405 730 470 mihi
746 404 817 492 jam
839 404 990 470 Fortuna
1015 407 1131 492 populi

58 506 228 572 Romani
261 515 294 568 et
324 504 472 568 crudelis
502 504 693 578 videbatur,
718 526 807 590 quae
831 517 878 570 tot
903 527 1011 571 annos
1035 506 1131 570 illum

58 608 98 670 in
124 608 225 670 hanc
245 625 317 668 rem
342 604 516 688 publicam
541 605 704 668 insultare
729 617 911 688 pateretur.
961 605 1134 670 Polluerat

60 719 194 792 stupro
217 703 449 768 sanctissimas
471 704 669 790 religiones,
688 717 826 769 senatus
848 705 1053 791 gravissima
1075 707 1134 770 de-

60 819 167 872 creta
187 804 410 890 perl‘regerat,
429 804 575 887 pecunia
592 825 629 868 se
646 803 851 891 ajudicibus
868 806 982 890 palam
1001 806 1134 872 redem-
1152 829 1167 884 5

60 919 158 979 erat,
187 914 330 970 vexarat
357 902 391 966 in
416 903 587 967 tribunatu
612 917 781 977 senatum,
799 904 952 968 omniurn
976 905 1134 970 ordinum

61 1026 248 1071 consensu
286 1023 348 1087 pro
386 1003 494 1067 salute
531 1003 580 1068 rei
616 1003 775 1088 publicae
806 1016 904 1090 gesta
935 1005 1132 1080 resciderat,

61 1127 124 1170 me
144 1105 260 1190 patria
277 1102 468 1187 expulerat,
486 1103 576 1168 bona
593 1103 792 1188 diripuerat,
811 1104 951 1168 domurn
973 1103 1136 1170 incende·

62 1218 135 1279 rat,
166 1205 307 1276 liberos,
334 1201 516 1289 conjugem
551 1223 663 1268 meam
696 1214 852 1278 vexarat,
878 1201 946 1268 Cn.
970 1202 1135 1289 Pompeio

63 1305 247 1370 nefarium
271 1302 401 1368 bellum
425 1301 608 1376 indixerat,
627 1303 887 1390 magistratuum
911 1303 1187 1388 privatorum-10

64 1427 139 1492 que
177 1403 294 1470 'caedis
325 1401 499 1476 effecerat,
529 1402 668 1468 domurn
695 1402 760 1468 mei
786 1401 898 1468 fiatris
922 1403 1133 1480 incenderat,

64 1517 229 1572 vastarat
252 1503 438 1575 Etruriam,
465 1503 588 1568 multos
613 1504 752 1568 sedibus
780 1523 821 1568 ac
852 1502 994 1568 fortunis
1025 1504 1137 1591 ejece·

67 1619 139 1670 rat.
182 1606 348 1677 Instabat,
363 1604 519 1690 urgebat.
556 1601 692 1688 Capere
710 1603 785 1690 ejus
801 1603 984 1668 amentiam
1001 1604 1134 1682 civitas,

69 1706 193 1780 ltalia,
216 1703 426 1790 provinciae,
451 1724 559 1790 regna
583 1725 652 1767 non
676 1715 843 1788 poterant.
893 1703 1137 1770 lncidebantur

75 1807 156 1894 jam
182 1805 276 1872 domi
301 1804 410 1890 legem
436 1825 524 1889 quae
549 1825 611 1868 nos
638 1803 745 1870 servis
774 1804 896 1870 nostris
925 1803 1132 1870 addicerent.
1155 1832 1186 1885 ις

70 1906 177 1972 Nihil
212 1916 284 1970 erat
315 1903 531 1992 cujusquam,
558 1904 651 1989 quod
681 1905 818 1990 quidem
845 1905 901 1970 ille
926 1906 1133 1976 adamasset,

72 2009 172 2096 quod
198 2030 271 2086 non¹
292 2007 358 2072 hoc
382 2027 473 2072 anno
497 2027 596 2072 suum
616 2006 688 2072 fore
708 2019 851 2093 putaret.
900 2023 945 2072 ee.
969 2007 1136 2074 Obstabat

73 2109 153 2196 ejus
187 2108 450 2198 cogitationibus
482 2129 583 2174 nemo
619 2121 753 2195 praeter
790 2109 970 2176 Milonem.
1034 2109 1134 2174 Illum

73 2210 208 2298 ipsum,
238 2212 295 2299 qui
324 2212 459 2276 obstare
488 2222 631 2295 poterat,
661 2232 749 2276 novo
779 2212 889 2277 reditu
922 2211 957 2276 in
987 2211 1134 2298 gratiam

74 2314 178 2397 quasi
211 2313 406 2378 devinctum
449 2312 704 2378 arbitrabatur:
748 2310 909 2378 Caesaris
949 2312 1134 2396 potentiam
1154 2323 1189 2363 20

76 2433 179 2477 suam
212 2435 287 2478 esse
319 2413 474 2478 dicebat:
514 2412 678 2477 bonorum
713 2412 846 2476 animos
876 2411 910 2475 in
944 2433 1020 2476 meo
1052 2432 1132 2475 casu

77 2526 353 2597 contempserat:
387 2512 473 2576 Milo
497 2533 585 2576 unus
609 2513 765 2597 urgebat.

124 2631 259 2678 xxxnr.
288 2612 356 2676 Hic
383 2612 417 2676 di
442 2611 664 2684 immortales,
691 2622 856 2696 utsupra
882 2611 966 2685 dixi,
987 2622 1132 2676 mentem

78 2710 127 2776 illi
147 2713 280 2798 perdito
297 2733 338 2776 ac
354 2711 481 2776 surioso
492 2711 672 2794 dederunt,
684 2723 720 2775 ut
737 2711 818 2776 huic
834 2711 961 2777 faceret
977 2711 1131 2776 insidias.

77 2809 195 2878 Aliter
219 2811 329 2897 perire
355 2811 459 2896 pestis
485 2809 543 2874 illa
570 2831 637 2874 non
663 2811 790 2894 potuit:
825 2832 1011 2898 numquam
1038 2811 1133 2874 illurn
1153 2813 1188 2872 ²5

79 2932 136 2977 res
153 2912 290 2998 publica
307 2933 368 2976 suo
384 2910 460 2998 jure
478 2922 566 2974 esset
583 2910 664 2974 ulta.
714 2909 862 2976 Senatus
879 2911 1018 2996 (credo)
1035 2931 1133 2995 prae·

79 3021 189 3076 torem
206 3033 284 3076 eum
303 3010 635 3094 circumscripsisset.
677 3008 734 3075 Ne
752 3031 829 3074 cum
848 3012 978 3076 solebat
994 3010 1132 3096 quidem

81 3109 116 3176 id
148 3111 273 3187 lacere,
301 3112 336 3175 in
369 3110 500 3195 privato
532 3110 652 3176 eodem
685 3110 751 3174 hoc
775 3111 904 3197 aliquid
928 3110 1130 3195 profecerat.

81 3227 128 3274 ea.
151 3211 209 3276 An
227 3212 384 3277 consules
401 3210 434 3274 in
453 3221 608 3294 praetore
628 3211 819 3275 coercendo
843 3211 946 3280 fortes
970 3208 1134 3276 luissent?

81 3310 249 3385 Primum,
262 3311 394 3376 Milone
405 3310 518 3375 occiso
532 3308 706 3374 habuisset
719 3332 798 3375 suos
809 3312 987 3376 consules:
1008 3311 1132 3375 deinde
1151 3319 1188 3378 30.

83 3413 158 3497 quis
183 3413 217 3475 in
245 3433 286 3476 eo
303 3423 458 3496 praetore
484 3411 602 3474 consul
630 3410 724 3474 sortis
753 3423 853 3480 esset,
873 3431 1051 3496 perquem
1076 3411 1133 3474 tri-

83 3511 209 3578 bunum
224 3511 379 3574 virtutem
399 3509 615 3574 consularem
634 3509 868 3574 crudelissime
880 3523 1039 3574 vexatam
1058 3531 1133 3574 esse

85 3609 313 3676 meminisset?
360 3609 595 3694 Oppressisset
619 3609 746 3680 omnia,
765 3609 964 3694 possideret,
983 3621 1132 3674 teneret:

85 3711 159 3798 lege
178 3733 266 3776 nova
288 3710 393 3796 [quae
419 3723 470 3774 est
497 3709 634 3773 inventa
661 3710 752 3794 apud
781 3730 858 3774 eum
888 3730 966 3773 cum
995 3710 1134 3795 reliquis

87 3811 217 3898 legibus
235 3810 430 3896 Clodianis]
452 3831 567 3874 servos
585 3820 716 3873 nostros
733 3809 870 3873 libertos
883 3831 962 3874 suos
975 3810 1131 3873 fecisset:
1148 3820 1182 3877 35

87 3925 267 3996 postremo,
295 3910 359 3976 nisi
390 3931 469 3974 eum
500 3909 534 3974 di
567 3909 776 3974 immortales
807 3909 842 3972 in
875 3929 951 3974 earn
985 3920 1132 3974 mentem
