2716 4266
69 209 144 252 ml·
161 197 217 270 84]
266 199 326 266 He
348 201 505 268 deservias
528 203 611 270 well
631 205 679 289 os
692 203 749 268 the
773 201 885 270 State.
1047 199 1115 267 201'

65 401 306 484 opprimendis,
333 414 383 478 ut,
412 403 573 489 quoniam
602 415 718 469 nostra
746 403 858 468 futura
875 413 966 468 esset
989 403 1113 491 gloria,

65 500 250 583 periculum
282 523 418 588 quoque
449 515 482 568 et
512 503 677 568 invidiam
712 517 861 568 nostram
903 517 1112 587 putaremus

64 599 153 664 Nam
170 623 258 686 quae
276 603 358 666 milri
376 604 440 687 ipsi
458 604 637 668 tribuenda
662 605 736 668 laus
761 616 863 673 esset,
882 625 959 668 curn
984 617 1113 668 tantum

63 700 96 764 in
124 702 301 765 consulatu
328 723 404 767 meo
432 725 493 788 pro
522 703 618 768 vobis
646 724 687 767 ac
718 704 834 768 liberis
860 705 980 768 vestris
1012 725 1115 768 ausus

63 821 185 876 essem,
203 802 233 865 si
258 802 306 874 id,
329 804 421 888 quod
444 804 595 868 conabar
616 803 690 868 sine
719 804 879 868 maximis
904 804 1150 891 dimication·5

63 902 135 968 ibus
153 903 240 967 meis
256 924 311 966 me
328 925 404 970 esse
428 925 590 970 ausurum
616 904 820 970 arbitrarer?
868 903 969 988 Quae
994 905 1116 968 mulier

62 1003 265 1068 sceleratum
292 1023 333 1070 ac
360 1003 590 1088 perniciosum
617 1004 726 1068 civem
753 1005 942 1070 interficere
968 1027 1035 1070 non
1057 1025 1117 1068 au-

62 1104 166 1178 deret,
191 1103 222 1168 si
251 1105 439 1188 periculum
469 1125 537 1168 non
569 1103 724 1170 timeret?
770 1104 947 1190 Proposita
973 1105 1114 1179 invidia,

63 1216 179 1278 morte,
193 1223 319 1290 poena,
334 1203 391 1289 qui
405 1204 512 1269 nihilo
525 1205 666 1292 segnius
679 1225 751 1270 rem
765 1204 937 1290 publicam
951 1204 1115 1277 defendit,

62 1303 89 1371 is
113 1304 165 1368 vir
189 1327 284 1394 vere*
301 1305 472 1389 putandus
500 1316 563 1372 est.
613 1304 735 1391 Populi
764 1306 852 1393 grati
881 1317 932 1370 est
957 1304 1117 1392 praemiis
1139 1349 1170 1386 ,ο

63 1405 209 1476 adficere
226 1406 315 1472 bene
335 1405 473 1470 meritos
489 1406 532 1470 de
548 1427 585 1470 re
602 1406 739 1490 publica
757 1406 860 1479 civis;
878 1405 940 1470 viri
964 1405 1058 1470 fortis
1075 1426 1118 1468 ne

63 1506 238 1590 suppliciis
258 1506 397 1592 quidem
423 1505 551 1571 moveri
577 1518 614 1570 ut
639 1506 766 1570 fortiter
789 1506 911 1570 fecisse
937 1505 1117 1590 paeniteat.

62 1623 105 1672 83.
129 1605 400 1689 Quamobrem
416 1619 566 1696 uteretur
590 1607 710 1671 eadem
736 1605 950 1671 confessione
972 1605 1017 1667 T.
1046 1603 1120 1668 An-

64 1707 137 1772 nius
150 1728 219 1794 qua
235 1704 363 1780 Abala,
378 1727 446 1793 qua
459 1706 603 1781 Nasica,
618 1727 686 1792 qua
700 1705 871 1790 Opimius,
886 1727 954 1792 qua
971 1704 1117 1778 Marius,

64 1829 129 1892 qua
145 1819 282 1874 nosmet
297 1807 384 1891 ipsi;
409 1818 454 1880 et,
470 1805 499 1871 si
523 1817 622 1893 grata
649 1827 704 1870 res
732 1806 870 1890 publica
895 1817 997 1878 esset,
1015 1806 1120 1868 laeta·
1141 1842 1171 1896 15

65 1919 173 1973 retur:
200 1907 230 1974 si
255 1907 405 1994 ingrata,
422 1918 537 1972 tamen
563 1906 597 1970 in
624 1905 722 1993 gravi
748 1906 883 1970 fortuna
911 1904 1121 1970 conscientia

66 2029 125 2074 sua
141 2009 317 2074 niteretur.

108 2108 180 2174 Sed
197 2107 301 2194 hujus
321 2107 466 2172 benefici
492 2106 652 2194 gratiam,
675 2105 822 2194 judices,
837 2106 970 2171 fortuna
1003 2104 1121 2191 populi

67 2207 217 2274 Romani
234 2220 268 2274 et
283 2220 394 2272 vestra
411 2207 555 2272 felicitas
571 2218 605 2272 et
620 2207 655 2271 di
682 2207 891 2270 immortales
913 2206 977 2270 sibi
1005 2204 1121 2270 deberi

67 2321 195 2392 putant.
246 2307 324 2376 Nec
355 2330 436 2373 vero
467 2307 647 2393 quisquam
680 2306 777 2370 aliter
812 2306 966 2370 arbitrari
998 2316 1119 2390 potest,
1140 2337 1174 2376 20

67 2409 128 2476 nisi
159 2409 221 2497 qui
252 2409 383 2474 nullam
412 2407 480 2472 vim
512 2428 588 2474 esse
619 2406 713 2472 ducit
743 2427 914 2470 numenve
946 2407 1121 2479 divinum;

67 2529 166 2594 quem
196 2530 309 2596 neque
340 2507 462 2592 imperi
485 2505 591 2572 nostri
614 2506 816 2592 magnitudo
844 2527 955 2592 neque
983 2508 1033 2572 sol
1064 2507 1122 2569 ille

67 2631 129 2676 nec
151 2610 239 2676 caeli
257 2609 503 2696 signorumque
520 2618 631 2674 motus
654 2627 720 2670 nec
734 2605 985 2670 vicissitudines
1009 2627 1122 2670 rernm

69 2721 168 2798 atque
207 2710 346 2776 ordines
385 2719 539 2782 movent„
568 2727 679 2793 aeque
715 2705 769 2786 (id
803 2707 894 2791 quod
933 2706 1123 2769 maximum

68 2813 134 2897 est)
165 2812 333 2900 majorum
364 2808 544 2894 sapientia,
572 2806 629 2892 qui
661 2825 773 2879 sacra,
798 2805 856 2891 qui
882 2805 1121 2878 caerimonias,
1142 2830 1174 2882 25

68 2913 123 2997 qui
142 2914 295 3000 auspicia
313 2925 346 2978 et
360 2912 426 2997 ipsi
444 2908 657 2974 sanctissime
674 2906 864 2980 coluerunt,
883 2917 915 2970 et
931 2905 1030 2970 nobis
1054 2905 1124 2970 suis

69 3015 211 3096 posteris
236 3015 470 3100 prodiderunt.
520 3027 623 3074 xxxt.
650 3023 697 3070 st.
721 3005 793 3078 Est,
814 3015 863 3070 est
891 3005 1041 3089 profecto
1065 3005 1123 3068 illa

69 3113 139 3179 vis:
163 3137 277 3202 neque
293 3115 327 3179 in
345 3113 399 3178 his
415 3110 614 3196 corporibus
633 3120 734 3194 atque
750 3106 785 3170 in
802 3105 869 3168 hac
893 3104 1124 3170 imbecillitate

69 3227 183 3280 nostra
210 3217 297 3280 inest
324 3213 488 3301 quiddam
516 3210 608 3297 quod
637 3209 752 3296 vigeat
780 3216 813 3270 et
840 3205 975 3278 sentiat,
999 3216 1032 3269 et
1056 3226 1123 3268 non

70 3311 156 3380 inest
173 3316 209 3381 in
235 3317 301 3381 boc
321 3325 415 3379 tanto
437 3322 581 3376 naturae
602 3322 673 3374 tarn
694 3306 872 3393 praeclaro
894 3317 998 3369 motu.
1047 3303 1124 3369 Nisi
1143 3327 1177 3380 30

71 3413 153 3480 forte
169 3415 296 3482 idcirco
307 3436 375 3480 non
392 3423 524 3499 putant,
539 3410 702 3496 quianon
720 3416 863 3494 apparet
879 3426 943 3469 nec
956 3404 1124 3468 cernitur:

72 3515 212 3597 proinde
237 3513 336 3601 quasi
364 3525 515 3578 nostram
542 3510 653 3595 ipsam
683 3520 831 3572 mentem
861 3526 929 3590 qua
958 3504 1123 3589 sapimus,

72 3635 137 3698 qua
163 3615 394 3700 providemus,
424 3631 491 3698 qua
521 3610 607 3673 haec
633 3608 707 3693 ipsa
734 3607 869 3694 agimus
896 3625 937 3669 ac
965 3604 1123 3679 dicimus,

73 3713 186 3780 videre
211 3727 269 3779 aut
292 3714 396 3799 plane
422 3710 534 3798 qualis
555 3717 614 3773 aut
640 3708 698 3772 ubi
724 3707 767 3772 sit
791 3706 915 3770 sentire
941 3704 1148 3790 possimus·

74 3810 124 3876 Ea
145 3815 197 3880 vis
221 3813 325 3901 igitur
347 3812 436 3899 ipsa,
457 3829 546 3896 quae
570 3828 673 3892 saepe
697 3805 907 3871 incredibilis
938 3805 1019 3870 huic
1050 3803 1125 3868 urbi
1144 3827 1176 3881 33

75 3910 247 3980 felicitates
271 3925 372 3998 atque
389 3931 473 3995 opes
497 3907 617 3982 attulit,
635 3907 730 3970 illam
755 3904 941 3990 perniciem
964 3903 1127 3969 exstinxit
