2714 4266
200 183 242 248 18
520 187 677 276 Desonce
700 193 748 278 os
760 193 918 260 Roscius.
1058 193 1165 266 [Rosc.
1188 197 1259 252 An.
1346 183 1347 186 ¹

197 386 386 452 detractum
411 387 587 464 arbitrari3
618 391 760 458 videant
780 416 823 458 ne
840 405 938 480 turpe
956 397 1192 486 miserumque
1210 401 1260 466 sit

196 506 268 562 eos,
294 487 352 572 qui
377 501 568 573 equestrem
597 493 814 574 splendorem
848 497 916 579 pati
949 519 1018 561 non
1051 511 1256 583 potuerunt,
1346 581 1347 584 Ἴ

197 587 286 650 servi
318 589 516 672 nequissimi
549 590 815 657 dominationem
848 595 935 659 serre
968 619 1081 681 posse.
1144 599 1258 684 Quae

196 686 335 770 quidem
352 688 551 762 dominati0,
566 691 713 777 judiceS,
733 693 767 756 in
786 694 861 758 aliis
882 697 984 760 rebus
1008 712 1108 764 antea
1131 722 1257 766 versa-

168 817 180 869 ς
197 785 315 859 batur;
342 808 433 851 nunc
450 809 650 874 veroquam
665 792 755 855 viam
775 795 929 870 munitet,
945 799 1036 883 quod
1054 799 1117 863 iter
1133 801 1258 866 adsec-
1346 825 1347 870 t

196 895 243 949 tet
273 886 520 961 videtis—ad
552 890 668 964 iidem,
697 892 740 955 ad
765 892 1020 981 jusjurandum,
1049 899 1092 963 ad
1117 900 1257 987 judicia
1346 881 1347 916 ³

197 995 322 1059 vestra,
341 987 385 1050 ad
405 987 453 1062 id,
475 989 566 1074 quod
590 991 700 1054 solum
725 1013 832 1078 prope
857 994 892 1059 in
916 996 1052 1063 civitate
1076 999 1256 1065 sincerum
1346 1025 1347 1090 ᾗ

197 1096 422 1172 sanctumque
453 1100 567 1153 restat.
620 1089 745 1156 Hicine
770 1094 873 1159 etiarn
898 1117 974 1162 sese
999 1108 1095 1183 putat
1118 1099 1255 1186 aliquid
1346 1181 1347 1188 ἵ

198 1206 298 1269 posse
315 1184 588 1274 Chrysogonus?
637 1189 706 1256 Hic
722 1193 823 1258 etiam
843 1207 962 1279 potens
981 1218 1057 1262 esse
1077 1198 1170 1264 volt?
1220 1199 1256 1264 Ο
1346 1189 1347 1212 ³

150 1315 181 1352 to
198 1306 271 1349 rem
300 1285 463 1350 miseram
497 1299 597 1374 atque
627 1293 808 1358 acerbaml
856 1293 993 1383 Neque,
1020 1299 1253 1374 mehercules,

199 1385 265 1450 hoc
281 1385 423 1472 indigne
440 1387 524 1462 sero,
543 1390 636 1475 quod
652 1413 772 1456 verear
796 1415 839 1458 ne
863 1395 945 1480 quid
970 1397 1095 1480 possit3
1128 1419 1254 1462 verum
1346 1437 1347 1488 3

198 1486 291 1570 quod
308 1507 411 1550 ausus
428 1498 490 1563 est,
510 1491 601 1576 quod
618 1493 767 1576 speravit
783 1515 858 1557 sese
876 1495 967 1578 apud
984 1498 1061 1561 talis
1077 1497 1169 1562 viros
1187 1499 1255 1562 ali-

198 1585 281 1671 quid
298 1588 459 1670 possead
477 1591 663 1674 perniciem
681 1592 884 1668 innocentis
903 1595 937 1662 id
955 1595 1068 1680 ipsum
1084 1618 1222 1683 queror.

244 1705 345 1750 xntx.
372 1705 418 1752 to.
443 1689 619 1755 Idcircone
637 1704 834 1776 exspectata
851 1695 1008 1760 nobilitas
1026 1698 1131 1761 arinis
1149 1709 1253 1784 atque

151 1811 180 1863 15
200 1783 289 1851 ferro
306 1809 376 1852 rem
395 1790 568 1874 publicam
586 1792 800 1876 reciperavit,
819 1805 855 1858 ut
879 1794 923 1859 ad
947 1795 1124 1860 libidinem
1150 1819 1252 1862 suam

200 1885 308 1952 liberti
327 1889 517 1976 servolique
535 1891 700 1956 nobilium
717 1893 819 1967 bona,
839 1893 992 1960 fortunas
1008 1898 1254 1982 possessiones-

199 2009 266 2076 que
290 2002 423 2054 nostras
446 2011 574 2054 vexare
598 1991 758 2074 possent?
805 1991 843 2057 Si
863 1994 897 2058 id
921 2008 1033 2058 actum
1057 2006 1120 2071 est,
1140 1996 1253 2062 fateor
1346 2009 1347 2016 ’

155 2173 156 2176 ¹
199 2110 254 2152 me
271 2110 402 2154 errasse
415 2089 472 2174 qui
492 2090 556 2154 hoc
570 2091 748 2155 maluerim
763 2115 770 2165 ;
796 2093 903 2157 fateor
916 2093 1085 2160 insanisse
1098 2096 1155 2182 qui
1169 2117 1252 2161 cum

198 2189 265 2254 illis
290 2190 468 2255 senserim.
517 2190 671 2255 Tametsi
695 2191 848 2266 inermis,
864 2193 1012 2280 judices,
1032 2197 1135 2260 sensi.
1185 2196 1252 2261 Sin
1346 2195 1347 2240 3

150 2311 181 2346 20
199 2303 313 2355 autem
338 2290 479 2355 victoria
500 2289 663 2355 nobilium
682 2304 881 2356 ornamento
900 2305 1000 2379 atque
1017 2296 1251 2361 emolumento
1346 2291 1347 2302 ’

198 2395 247 2456 rei
264 2392 422 2477 publicae
439 2392 634 2476 populoque
652 2391 812 2457 Romano
836 2393 937 2457 debet
960 2415 1049 2467 esse,
1071 2406 1141 2458 tum
1166 2416 1251 2461 vero
1346 2415 1347 2470 ἦ

197 2492 325 2576 optimo
342 2505 374 2556 et
391 2491 602 2556 nobilissimo
619 2491 742 2577 cuique
760 2513 870 2555 meam
889 2493 1077 2557 orationem
1096 2495 1252 2580 gratissi·
1346 2521 1347 2544 t

197 2614 289 2655 mam
303 2614 378 2657 esse
391 2604 533 2677 oportet.
570 2588 674 2674 Quod
691 2591 718 2656 si
736 2591 812 2678 quis
828 2604 879 2656 est
895 2593 951 2677 qui
966 2605 998 2657 et
1010 2614 1046 2658 se
1061 2606 1093 2658 et
1104 2615 1249 2661 causam
1346 2589 1347 2592 ¹

197 2691 287 2756 laedi
312 2703 406 2778 putet
429 2713 507 2756 cum
532 2691 783 2778 Chrysogonus
806 2691 1027 2775 vituperetur,
1052 2693 1080 2758 is
1105 2714 1248 2760 causam
1346 2699 1347 2704 ’

150 2812 181 2864 ²5
197 2791 352 2878 ignorat;
385 2813 421 2857 se
446 2792 559 2876 ipsum
577 2793 682 2877 probe
700 2792 803 2856 novit.
854 2791 970 2856 Causa
987 2793 1078 2856 enim
1096 2794 1249 2878 splendi-
1346 2865 1347 2868 ,

197 2893 271 2957 dior
287 2897 355 2967 fiet,
375 2891 402 2957 si
424 2892 633 2979 nequissimo
655 2892 778 2978 cuique
799 2892 983 2956 resistetur.
1033 2892 1096 2958 Ille
1120 2893 1249 2978 impro-

197 2992 356 3057 bissimus
374 2991 595 3078 Chrysogoni
613 2992 736 3066 fautor,
752 2991 809 3079 qui
827 2992 890 3056 sibi
908 3012 986 3056 cum
1004 2991 1062 3057 illo
1079 2993 1246 3097 rationem
1346 3011 1347 3062 t

197 3092 483 3158 communicatam
501 3104 608 3177 putat,
628 3092 784 3166 laeditur,
804 3112 883 3156 cum
904 3092 947 3156 ab
972 3092 1038 3156 hoc
1061 3092 1245 3178 splendore
1346 3129 1347 3136 κ

197 3214 321 3258 causae
338 3202 527 3278 separatur.

148 3314 180 3366 30
240 3309 285 3355 47.
307 3293 439 3357 Verum
461 3294 549 3357 haec
565 3291 676 3357 omnis
692 3291 811 3366 oratic,
830 3303 866 3357 ut
879 3291 951 3380 jam
970 3302 1047 3356 ante
1065 3291 1149 3368 dixi,
1167 3314 1245 3358 mea
1321 3367 1324 3372 ,

196 3406 258 3469 est,
277 3415 345 3480 qua
370 3415 424 3457 me
449 3393 495 3457 uti
521 3415 575 3458 res
600 3392 737 3478 publica
762 3403 795 3456 et
819 3393 915 3457 dolor
936 3413 1032 3456 meus
1052 3403 1085 3456 et
1105 3393 1244 3457 istorum

196 3495 318 3582 injuria
346 3493 471 3580 co'e'git.
522 3493 606 3558 Sex.
633 3493 782 3558 Roscius
807 3493 928 3556 horum
954 3491 1039 3555 nihil
1063 3492 1245 3580 indignum

197 3605 303 3679 putat,
319 3594 491 3658 neminem
509 3604 659 3665 accusat,
672 3593 757 3656 nihil
775 3593 817 3656 de
832 3614 896 3656 suo
914 3592 1117 3676 patrimonio
1134 3593 1245 3679 queri·
1346 3627 1347 3632 κ

196 3706 262 3757 tur.
291 3693 392 3757 Putat
405 3694 507 3756 homo
521 3693 697 3776 imperitus
712 3714 858 3764 morum,
872 3692 1024 3776 agricola
1039 3704 1072 3755 et
1085 3692 1242 3768 rusticuS,

150 3809 181 3860 35
198 3794 261 3856 ista
274 3792 400 3863 omnia,
413 3812 500 3876 quae
512 3813 572 3854 vos
585 3812 644 3873 per
655 3789 787 3854 Sullam
800 3802 897 3874 gesta
910 3811 984 3852 esse
999 3791 1122 3865 dicitis,
1136 3813 1242 3865 more,

198 3892 289 3976 lege,
311 3891 387 3976 jure
412 3890 565 3975 gentium
591 3889 694 3951 sacta.
744 3887 858 3970 Culpa
875 3888 1038 3952 liberatus
1054 3901 1087 3954 et
1103 3891 1244 3957 crimine
