2714 4266
111 207 252 276 LV.122.]
303 277 306 283 .
388 209 582 275 Marcellus
607 211 663 274 the
692 210 909 296 Conquerar.
1124 227 1166 298 45'

160 427 233 473 mv.
260 423 288 469 o.
313 409 418 475 Nunc
439 412 482 476 ad
503 411 710 476 Marcellum
729 424 891 488 revertar,
911 433 953 476 ne
973 413 1059 477 haec
1076 434 1095 476 a
1113 435 1167 478 me

109 509 186 573 sine
219 531 323 574 causa
358 527 625 576 commemoratu
658 535 732 576 esse
763 513 962 576 videantur:
1002 516 1059 600 qui
1089 536 1166 578 curn

106 605 182 672 tam
200 613 413 695 praeclaram
432 614 550 677 urbem
569 614 600 675 vi
619 614 793 700 copiisque
812 615 969 698 cepisset,
986 637 1053 679 non
1070 627 1167 701 puta-

106 709 159 773 vit
191 712 235 774 ad
267 713 405 776 laudem
439 715 556 798 populi
589 713 740 777 Romani
774 716 838 778 hoc
867 716 1050 799 pertinere,
1077 717 1166 780 hanc

106 811 415 897 pulchritudinem,
431 837 474 877 ex
491 835 558 901 qua
577 816 775 900 praesertim
793 817 935 900 periculi
952 816 1038 880 nihil
1054 827 1166 881 osten·
1200 843 1215 900 ς

106 916 260 991 deretur,
280 917 394 982 delere
412 930 446 982 et
461 918 693 1004 exstinguere.
741 916 858 1004 ltaque
876 918 1041 982 aedificiis
1057 917 1167 981 omni-

97 1016 189 1110 kbus,
219 1017 366 1101 publicis
399 1018 551 1103 privatis,
583 1018 689 1082 sacris
722 1018 887 1103 profanis,
918 1019 968 1083 sic
999 1018 1162 1104 pepercit,

105 1119 210 1202 quasi
228 1119 272 1182 ad
290 1139 330 1182 ea
348 1118 565 1183 defendenda
583 1138 661 1182 curn
683 1119 847 1193 exercitu,
867 1141 935 1182 non
959 1139 1323 1206 oppugnan-ae—
1349 1191 1350 1198 ἵ

106 1218 156 1280 da
169 1219 331 1282 venisset.
370 1217 409 1281 ln
426 1229 547 1283 ornatu
564 1218 657 1282 urbis
674 1218 792 1282 habuit
805 1219 966 1283 victoriae
983 1219 1161 1292 rationem,

46 1303 73 1314 ⁹
106 1317 231 1383 habuit
247 1317 479 1383 humanitatis.
529 1318 703 1382 Victoriae
720 1319 860 1403 putabat
876 1340 951 1384 esse
970 1321 1075 1383 multa
1092 1318 1165 1383 Ro·
1181 1349 1211 1384 ιο

105 1439 204 1482 mam
234 1420 426 1505 deportare,
457 1440 545 1505 quae
573 1433 775 1484 ornamento
803 1420 877 1484 urbi
907 1441 982 1484 esse
1011 1431 1162 1504 possent,

106 1520 332 1584 humanitatis
357 1542 424 1584 non
451 1520 553 1605 plane
582 1520 775 1604 exspoliare
805 1520 936 1594 urbem,
963 1519 1162 1604 praesertim

105 1641 214 1706 quarn
232 1641 437 1686 conservare
454 1621 628 1684 voluisset.
676 1634 702 1680 t.
727 1619 766 1683 In
785 1621 851 1684 hac
868 1621 1047 1704 partitione
1063 1642 1164 1684 orna-

104 1732 164 1785 tus
181 1743 249 1786 non
266 1722 343 1807 plus
361 1719 500 1785 victoria
519 1719 677 1784 Marcelli
696 1721 823 1806 populo
847 1720 1008 1786 Romano
1033 1721 1163 1805 appeti-

104 1821 158 1885 vit
174 1843 276 1908 quam
296 1821 491 1885 humanitas
508 1819 740 1908 Syracusanis
764 1821 961 1885 reservavit.
1012 1821 1163 1885 Romam
1180 1847 1210 1900 ις

104 1943 199 2009 quae
231 1933 408 2008 apportata
441 1932 531 1996 sunt,
558 1920 602 1984 ad
631 1922 752 1986 aedem
774 1920 933 1986 Honoris
961 1933 993 1986 et
1019 1921 1163 1987 Virtutis

104 2023 259 2109 itemque
277 2023 351 2088 aliis
369 2023 403 2085 in
421 2021 505 2086 locis
520 2021 690 2085 videmus.
740 2021 836 2085 Nihil
854 2021 888 2085 in
908 2023 1061 2097 aedibus
1078 2022 1162 2086 nihil

104 2123 143 2187 in
162 2124 267 2188 hortis
284 2122 409 2210 posuit,
428 2121 513 2186 nihil
536 2121 570 2184 in
596 2121 814 2186 suburbano:
836 2118 991 2207 putavit,
1017 2123 1044 2187 si
1069 2124 1162 2188 urbis

104 2235 309 2288 ornamenta
327 2223 466 2298 domurn
485 2243 581 2285 suam
599 2243 668 2286 non
685 2222 895 2296 contulisset,
910 2223 1049 2287 domum
1063 2245 1160 2287 suam

104 2335 310 2389 ornamento
334 2321 409 2386 urbi
434 2321 595 2385 futuram.
645 2319 830 2407 Syracusis
855 2335 968 2386 autem
994 2325 1161 2406 permulta
1176 2347 1208 2382 20

105 2436 211 2510 atque
239 2423 382 2510 egregia
411 2421 566 2508 reliquit:
603 2422 705 2486 deum
734 2443 816 2486 vero
846 2423 977 2486 nullum
1008 2423 1159 2498 violavit,

105 2523 241 2588 nullum
266 2523 387 2610 attigit.
437 2520 599 2586 Conferte
627 2522 794 2586 Verrem:
827 2545 895 2586 non
924 2535 959 2586 ut
987 2523 1160 2588 hominem

106 2646 187 2688 cum
209 2624 347 2689 homine
368 2623 586 2707 comparetis,
606 2643 649 2686 ne
673 2608 747 2708 (μθ
766 2622 824 2686 tali
848 2623 922 2686 viro
947 2637 1079 2687 mortuo
1104 2625 1162 2688 fiat

105 2723 245 2812 injuria,
264 2723 325 2788 sed
341 2734 378 2787 ut
395 2743 516 2807 pacem
534 2743 612 2786 curn
634 2723 739 2797 bello,
760 2723 856 2810 leges
881 2743 960 2787 cum
985 2723 1030 2796 vi,
1050 2724 1160 2788 forum

105 2837 143 2889 et
165 2823 251 2912 juris
276 2824 458 2889 dictionem
483 2843 561 2886 curn
591 2822 680 2887 ferro
708 2833 741 2887 et
769 2823 886 2898 armis,
912 2823 1096 2888 adventum
1129 2836 1204 2899 etzs

106 2926 303 2990 comitatum
330 2945 407 2989 cum
433 2923 584 2988 exercitu
609 2933 641 2986 et
665 2923 804 2987 victoria
829 2923 1022 2988 conseratis.
1182 2928 1258 2979 Q
1288 2969 1309 2990 a

154 3045 214 3089 ιν.
241 3038 267 3085 s.
291 3023 399 3089 Aedis
428 3022 608 3087 Minervae
633 3035 682 3087 est
706 3023 741 3086 in
767 3023 897 3097 Insula,
922 3024 965 3087 de
988 3045 1056 3110 qua
1082 3038 1160 3091 ante

107 3125 201 3192 dixi:
226 3135 329 3212 quarn
348 3123 537 3188 Marcellus
554 3144 622 3186 non
641 3122 762 3210 attigit,
781 3144 885 3209 quarn
903 3124 1041 3208 plenam
1059 3137 1160 3212 atque

109 3238 263 3290 ornatam
287 3224 443 3311 reliquit:
475 3244 563 3309 quae
589 3223 632 3288 ab
656 3223 719 3287 isto
744 3223 794 3289 sic
818 3224 961 3308 spoliata
985 3235 1086 3310 atque
1110 3225 1160 3290 di·

95 3309 204 3412 'repta
228 3337 290 3401 est,
313 3347 381 3390 non
405 3335 443 3388 ut
466 3324 510 3387 ab
533 3324 628 3388 hoste
652 3323 779 3409 aliquo,
801 3325 859 3410 qui
879 3336 993 3388 tamen
1013 3325 1048 3388 in
1069 3325 1204 3398 helloao

109 3426 314 3514 religionum
338 3436 372 3488 et
399 3423 654 3488 consuetudinis
679 3423 758 3512 jura
783 3424 954 3498 retineret,
986 3425 1047 3490 sed
1075 3438 1110 3490 ut
1138 3447 1158 3491 a

108 3526 261 3592 barbaris
289 3523 519 3610 praedonibus
547 3534 672 3587 vexata
701 3544 776 3596 esse
804 3524 973 3588 videatur.
1034 3524 1158 3614 Pugna

110 3639 181 3692 erat
207 3625 372 3712 equestris
399 3623 587 3711 Agathocli
616 3623 709 3710 regis
737 3623 772 3686 in
802 3624 925 3688 tabulis
954 3625 1064 3708 picta:
1106 3626 1158 3691 his

110 3739 220 3792 autern
250 3725 374 3791 tabulis
398 3723 576 3788 interiores
599 3723 717 3808 templi
742 3723 888 3808 parietes
912 3724 1155 3790 vestiebantur.

109 3825 205 3891 Nihil
234 3837 306 3891 erat
334 3846 375 3889 ea
403 3823 534 3910 pictura
562 3823 723 3897 nobilius,
749 3823 834 3887 nihil
860 3822 1042 3909 Syracusis
1067 3826 1157 3911 quod
1174 3849 1205 3900 35

110 3927 220 4016 magis
238 3926 419 3992 visendum
439 3933 626 4011 putaretur.
678 3921 753 3988 Has
776 3923 911 3988 tabulas
935 3921 987 3988 M.
1008 3924 1157 3990 Marcel·
