2716 4266
226 209 292 276 226
561 209 649 275 Plra
661 210 733 296 fiir
756 208 941 295 Ligarius.
1156 201 1261 273 [Lm

224 413 369 487 obtines,
382 449 427 460 -
442 410 606 498 intellego
631 410 712 497 quid
736 411 870 496 loquar,
884 446 929 458 —
946 407 1168 473 acerbissimo
1186 407 1265 470 luctu

225 513 433 578 redundaret
450 512 512 575 ista
530 512 684 575 victoria.
735 509 852 594 Quam
871 509 966 574 multi
991 509 1080 573 enim
1107 519 1218 572 essent
1231 506 1266 569 de

226 613 408 678 victoribus
432 612 490 696 qui
513 623 544 674 te
562 611 737 674 crudelem
755 631 830 674 esse
848 609 987 683 vellent,
1006 629 1084 673 cum
1110 608 1212 671 etiam
1233 606 1267 668 de

225 714 321 778 victis
346 707 581 797 reperianturl
614 731 719 795 quam
736 709 833 772 multi
849 709 922 795 qui,
941 729 1019 773 cum
1044 729 1064 772 a
1088 719 1122 772 te
1148 704 1268 793 ignosci

172 839 187 893 5
226 813 352 878 nemini
394 813 531 884 vellent,
566 808 770 894 impedirent
810 808 1026 874 clementiam
1062 820 1174 880 tuam,
1203 826 1270 869 cnm

225 914 327 977 etiam
346 911 392 984 hi,
411 912 534 997 quibus
553 909 626 994 ipse
655 909 827 995 ignovisti,
847 909 956 972 nolint
978 919 1010 972 te
1035 929 1111 972 esse
1137 906 1173 969 in
1197 903 1271 968 alios

226 1012 492 1077 misericordem.
533 1027 575 1074 lo.
608 1007 713 1092 Qud
731 1007 759 1072 si
777 1007 922 1092 probare
940 1006 1084 1073 Caesari
1100 1025 1272 1092 possemus

225 1113 260 1176 in
280 1110 399 1177 Africa
425 1110 604 1198 Ligarium
627 1109 768 1175 omnino
788 1129 857 1173 non
885 1107 1003 1181 luisse,
1024 1107 1052 1172 si
1080 1107 1225 1170 honesto
1247 1115 1274 1166 et

226 1211 435 1277 misericordi
460 1211 639 1276 mendacio
656 1209 756 1275 saluti
775 1207 840 1272 civi
858 1207 1059 1273 calamitoso
1076 1227 1155 1271 esse
1179 1204 1274 1268 velle-

176 1348 208 1388 10
226 1334 315 1386 mus,
333 1324 447 1376 tamen
466 1311 613 1376 hominis
634 1333 701 1376 non
727 1322 829 1383 esset,
849 1308 884 1372 in
909 1319 1004 1373 tanto
1028 1306 1226 1372 discrimine
1247 1313 1274 1366 et

226 1412 377 1498 periculo
394 1412 491 1481 civis,
510 1411 664 1476 refellere
682 1423 714 1475 et
731 1411 941 1497 redarguere
961 1419 1115 1473 nostrum
1141 1405 1273 1470 menda·

225 1513 337 1585 cium3
362 1526 407 1585 et,
426 1512 453 1576 si
476 1524 565 1576 esset
582 1511 737 1600 alicujus,
757 1511 830 1599 ejus
848 1522 939 1575 certe
956 1529 1026 1574 non
1043 1520 1146 1582 esset,
1166 1505 1222 1592 qui
1244 1503 1272 1566 in

225 1613 348 1676 eadem
373 1632 477 1676 causa
495 1625 528 1676 et
545 1612 677 1677 fortuna
695 1612 823 1676 suisset.
876 1609 947 1677 Sed
972 1623 1087 1675 tamen
1113 1608 1209 1673 aliud
1231 1615 1274 1669 est

226 1733 340 1776 errare
371 1710 558 1776 Caesarem
587 1713 691 1785 nolle,
719 1712 813 1777 aliud
841 1713 933 1778 nolle
963 1711 1127 1776 misereri.
1181 1707 1273 1771 Tunc

177 1837 206 1893 ις
226 1813 370 1886 diceres,
400 1810 563 1886 ‘Caesen
595 1833 678 1876 cave
710 1812 851 1877 credas:
884 1812 948 1876 fuit
979 1812 1014 1876 in
1045 1809 1184 1884 Africa,
1209 1806 1273 1871 tulit

226 1933 321 1976 arma
346 1924 462 1976 contra
478 1911 536 1975 te.'
581 1911 685 1976 Nunc
701 1911 784 1998 quid
800 1911 909 1976 dicis?
955 1911 1073 1978 ‘Cave
1093 1905 1273 2000 ignoscas!

227 2012 326 2076 Haec
351 2031 414 2076 nec
439 2011 586 2076 hominis
604 2034 668 2077 nec
686 2014 729 2076 ad
747 2011 921 2077 hominem
938 2035 1007 2078 vox
1023 2024 1094 2078 est:
1126 2032 1200 2100 qua
1223 2005 1272 2094 qui

226 2113 319 2197 apud
335 2122 379 2184 te,
394 2109 435 2176 C.
453 2109 595 2186 Caesar,
615 2111 728 2186 utitur,
747 2133 845 2178 suam
861 2113 960 2180 citius
977 2114 1103 2181 abiciet
1120 2107 1272 2178 humani·

225 2224 328 2276 tatem
346 2232 449 2297 quam
468 2213 680 2297 extorquebit
697 2223 802 2276 tuam.

174 2329 209 2368 ²0
271 2332 319 2376 vr.
344 2329 384 2376 ιτ.
415 2311 470 2376 Ac
503 2311 631 2396 primus
664 2313 774 2378 aditus
807 2324 839 2378 et
870 2314 1053 2398 postulatio
1083 2309 1271 2382 Tuberonis

227 2415 327 2487 haec,
346 2425 381 2477 ut
407 2412 539 2496 opinor,
564 2411 646 2476 fuit:
681 2413 768 2477 velle
795 2434 832 2479 se
860 2416 903 2479 de
924 2413 978 2501 Q.
998 2415 1119 2505 Ligari
1149 2415 1271 2482 scelere

226 2512 353 2577 dicere.
403 2509 483 2576 Non
508 2511 624 2576 dubito
647 2513 729 2598 quin
756 2513 943 2580 admiratus
961 2517 1021 2592 sis,
1039 2518 1094 2582 vel
1118 2517 1212 2603 quod
1234 2512 1270 2576 de
1329 2541 1330 2561 r

226 2614 320 2676 nullo
337 2613 403 2677 alio
424 2611 656 2699 [quisquam],
675 2613 729 2678 vel
746 2614 838 2699 quod
857 2615 885 2680 is
901 2615 959 2702 qui
975 2617 1011 2680 in
1028 2617 1150 2682 eadem
1174 2629 1271 2682 causa

226 2712 356 2789 fuisset,
370 2713 425 2778 vel
437 2712 601 2797 quidnam
619 2713 697 2777 novi
716 2712 891 2803 [sceleris]
909 2716 1069 2782 adferret.
1104 2715 1226 2783 Scelus
1241 2725 1269 2774 tu

174 2825 206 2880 ²⁵
226 2813 310 2878 illud
322 2834 438 2887 vocas,
453 2811 615 2877 Tubero?
638 2811 733 2878 Cur?
758 2814 821 2879 isto
835 2817 926 2879 enim
941 2817 1079 2882 nomine
1092 2817 1150 2880 illa
1165 2817 1270 2880 adbuc

226 2933 331 2978 causa
359 2913 475 2978 caruit.
524 2911 595 2978 Alii
624 2934 773 2979 errorem
800 2917 987 3001 appellant,
1016 2918 1075 2982 alii
1099 2918 1267 2982 timorem3
1328 2919 1329 2944 ¹

226 3013 283 3100 qui
315 3013 445 3085 durius,
468 3034 578 3098 spem,
609 3015 842 3100 cupiditatem,
872 3017 1003 3091 odium,
1033 3017 1268 3103 pertinaciam3

226 3113 283 3200 qui
308 3113 523 3201 gravissime,
540 3115 787 3180 temeritatem=
812 3114 925 3180 scelus
950 3130 1086 3203 praeter
1107 3129 1139 3182 te
1164 3117 1268 3182 adhuc

226 3235 340 3278 nemo.
385 3215 439 3278 Ac
457 3213 539 3278 mihi
555 3213 709 3300 quidem,
729 3214 756 3279 si
774 3216 949 3299 proprium
967 3227 1000 3281 et
1015 3237 1133 3281 verum
1151 3232 1267 3282 nomen

173 3325 209 3379 30
226 3313 330 3378 nostri
349 3313 428 3377 mali
453 3315 640 3400 quaeritur,
660 3315 772 3378 fatalis
796 3317 967 3399 quaedam
993 3316 1170 3382 calamitas
1193 3311 1266 3380 inci·
1327 3311 1328 3344 ³

226 3414 316 3478 disse
333 3413 477 3485 videtur,
497 3425 530 3478 et
553 3415 762 3499 improvidas
784 3413 962 3480 hominum
985 3416 1107 3481 mentis
1130 3431 1266 3499 occupa·

226 3513 328 3588 visse,
347 3525 383 3577 ut
407 3535 508 3578 nemo
532 3513 647 3577 mirari
673 3515 795 3578 debeat
819 3512 971 3580 humana
995 3516 1138 3582 consilia
1162 3515 1263 3580 divina

227 3613 427 3678 necessitate
456 3635 531 3678 esse
564 3624 734 3697 superata.
781 3631 822 3677 rs.
854 3613 975 3680 Liceat
1006 3635 1082 3680 esse
1113 3615 1262 3679 miseros:

226 3734 435 3796 quamquam
453 3715 518 3774 hoc
534 3711 661 3776 victore
678 3733 754 3775 esse
777 3734 844 3776 non
870 3735 1065 3798 possumus.
1112 3714 1183 3779 Sed
1206 3730 1261 3776 non

177 3820 210 3872 35
227 3810 346 3893 loquor
370 3811 412 3871 de
431 3809 549 3872 nobis:
575 3808 617 3872 de
634 3810 701 3874 illis
717 3809 837 3894 loquor
853 3812 911 3896 qui
928 3812 1138 3877 occiderunt.
1186 3813 1215 3876 F
1216 3831 1262 3876 ue·

227 3906 294 3969 rint
325 3905 453 3988 cupidi,
479 3905 604 3970 fuerint
627 3907 714 3981 irati,
740 3907 866 3972 fuerint
890 3910 1104 3994 pertinacesr
1137 3909 1262 3977 sceleris
1326 3911 1327 3932 ¹
