2668 4262
65 204 125 244 X111·
142 191 201 263 35·]
237 192 295 258 He
317 194 403 259 lases
427 195 468 280 by
491 195 548 260 the
571 193 689 260 Dcath
714 201 758 282 a]
786 196 938 262 Clodius.
1051 197 1115 281 183

62 392 283 482 imaginibus,
311 395 496 482 exsequiis,
521 417 660 482 pompa,
687 396 896 471 laudatione,
924 395 1115 469 infelicissi-

62 495 124 557 mis
165 494 269 581 lignis
301 494 574 570 semiustilatum,
606 498 779 561 nocturnis
813 497 956 562 canibus
994 498 1115 563 dilani-

61 595 188 659 andum
208 595 384 682 reliquisti.
434 596 516 681 Qua
541 619 590 672 re,
614 598 675 661 etsi
702 597 830 661 nefarie
856 598 977 673 fecisti,
1000 611 1113 663 tamen

60 695 223 780 quoniam
258 697 292 761 in
328 719 403 763 meo
435 698 573 764 inimico
605 699 839 763 crudelitatem
874 698 1113 784 exprompsisti

59 807 166 866 tuam,
186 797 328 863 laudare
354 821 421 863 non
447 821 600 884 possum,
619 798 719 864 irasci
744 812 834 865 certe
860 820 927 864 non
953 799 1072 863 debeo.
1134 824 1149 880 5

101 911 149 959 34.
173 896 346 975 Audistis,
361 899 515 986 judicer,
541 908 708 986 quantum
731 897 1042 964 Clodir'nterfuerit
1057 919 1115 964 oc-

59 996 124 1061 cidi
155 997 346 1064 Milonem:
387 1000 570 1064 convertite
599 1000 731 1064 animos
764 1019 856 1063 nunc
887 999 1037 1064 vicissim
1071 1001 1113 1063 ad

58 1095 244 1164 Milonem.
309 1098 403 1182 (Quid
442 1099 586 1165 Milonis
625 1101 786 1165 intererat
820 1097 965 1164 interfici
997 1098 1114 1164 Clodi-

59 1197 139 1262 um?
190 1197 286 1283 Quid
310 1211 383 1266 erat
406 1221 466 1264 cur
490 1199 578 1266 Milo
599 1222 667 1264 non
691 1199 802 1265 dicam
829 1199 1032 1274 admitteret,
1054 1199 1114 1264 sed

58 1297 216 1382 optaret?
278 1299 465 1366 ‘Obstabat
495 1300 529 1364 in
563 1322 623 1385 spe
656 1300 852 1365 consulatus
881 1298 1005 1363 Miloni
1034 1297 1166 1372 Clo-10

59 1398 161 1464 dius'
211 1399 258 1464 At
281 1422 323 1466 eo
349 1413 563 1488 repugnante
585 1401 700 1475 fiebat,
720 1401 825 1465 immo
847 1421 929 1464 vero
952 1423 992 1464 eo
1013 1400 1116 1465 fiebat
1172 1389 1176 1400 ’

60 1500 194 1586 magis3
229 1522 293 1565 nec
317 1523 371 1565 me
400 1500 627 1588 suffragatore
657 1501 797 1566 meliore
825 1501 982 1564 utebatur
1010 1522 1114 1586 quam

60 1596 198 1665 Clodi0.
247 1599 396 1666 Valebat
419 1602 511 1686 apud
530 1624 604 1676 vos,
625 1601 773 1689 judices,
796 1599 938 1665 Milonis
959 1621 1042 1687 erga
1061 1622 1115 1664 me

59 1720 204 1786 remque
224 1701 396 1785 publicam
423 1701 618 1765 meritorum
644 1699 831 1774 memoria3
855 1700 1017 1782 valebant
1040 1721 1116 1785 pre-

61 1819 117 1864 ces
134 1813 168 1866 et
198 1801 361 1865 lacrimae
386 1813 535 1875 nostrae,
553 1802 676 1887 quibus
701 1823 767 1888 ego
791 1812 862 1864 tum
887 1822 949 1864 vos
974 1800 1115 1864 mirifice
1138 1829 1168 1886 ¹⁵

61 1901 192 1965 moveri
207 1901 394 1964 sentiebam
408 1924 416 1975 3
442 1901 502 1966 sed
520 1902 597 1986 plus
614 1901 719 1966 multo
733 1901 869 1964 valebat
885 1900 1115 1985 periculorum

61 1996 332 2084 impendentium
350 2001 461 2065 timor.
511 1999 599 2086 Qis
616 2001 706 2064 enirn
732 2013 805 2066 erat
828 2000 953 2064 civium
970 2000 1026 2086 qui
1052 2000 1115 2064 sibi

62 2100 209 2164 solutam
234 2100 274 2165 P.
297 2089 398 2166 Clodi
423 2114 617 2187 praeturam
644 2101 717 2166 sine
744 2100 896 2165 maximo
917 2122 1031 2164 rerum
1056 2122 1117 2165 no·

61 2220 183 2264 varum
214 2215 304 2265 metu
325 2199 551 2287 proponeret?
607 2199 763 2265 Solutum
789 2213 902 2265 autem
928 2199 999 2265 sore
1023 2200 1117 2265 vide·

61 2298 160 2378 batis,
190 2301 253 2366 nisi
279 2315 368 2366 esset
391 2303 425 2378 is
443 2303 576 2376 consul,
598 2301 655 2387 qui
677 2322 753 2364 earn
775 2301 916 2365 auderet
935 2314 1116 2388 possetque
1136 2325 1170 2365 20

62 2403 309 2489 constringere.
359 2401 448 2466 Eum
466 2400 634 2467 Milonem
653 2423 759 2465 unum
776 2423 851 2466 esse
876 2422 953 2464 cum
980 2402 1118 2465 sentiret

62 2502 242 2568 universus
267 2503 414 2589 populus
439 2501 632 2576 Romanus,
659 2501 735 2586 quis
759 2501 929 2566 dubitaret
952 2500 1117 2588 suffragio

63 2621 122 2666 suo
154 2623 194 2668 se
226 2615 330 2678 metu,
360 2602 512 2688 periculo
544 2624 617 2666 rem
646 2601 819 2686 publicam
849 2599 1016 2665 liberare?
1070 2599 1118 2664 At

63 2721 167 2778 nunc,
187 2701 310 2768 Clodio
327 2714 469 2778 remoto,
489 2703 619 2767 usitatis
640 2701 713 2790 jam
731 2702 833 2766 rebus
850 2701 1046 2764 enitendum
1068 2713 1118 2764 est

64 2799 201 2879 Miloni,
219 2817 255 2868 ut
271 2816 404 2869 tueatur
421 2803 622 2892 dignitatem
648 2824 768 2868 suam:
806 2801 990 2889 singularis
1010 2802 1068 2863 illa
1086 2814 1117 2865 et
1136 2820 1169 2874 25

63 2902 143 2970 huic
166 2905 224 2970 uni
242 2915 405 2972 concessa
423 2905 547 2994 gloria,
563 2925 651 2992 quae
669 2903 792 2968 cotidie
815 2902 1005 2988 augebatur
1027 2901 1115 2964 sran-

64 3007 187 3090 gendis
211 3006 379 3073 sororibus
404 3005 594 3079 Clodianis,
616 3005 691 3094 jam
716 3003 816 3068 Clodi
843 3012 947 3066 morte
981 3001 1115 3065 cecidit.

63 3102 136 3171 Vos
153 3107 265 3193 adepti
283 3108 376 3178 estis,
395 3128 555 3193 nequem
574 3105 684 3170 civem
709 3101 922 3167 metueretis:
948 3100 1004 3165 hic
1021 3123 1118 3164 exer·

66 3205 258 3273 citationem
284 3208 427 3283 virtutis,
455 3207 736 3294 suffragationem
762 3202 971 3275 consulatus,
990 3201 1116 3265 sontem

66 3325 250 3388 perennem
271 3309 402 3396 gloriae
425 3330 508 3374 suae
533 3307 691 3393 perdidit.
743 3304 861 3390 Itaque
879 3301 1020 3366 Milonis
1038 3322 1119 3366 con·
1136 3319 1172 3374 30

67 3406 208 3481 sulatus,
229 3410 286 3495 qui
311 3409 389 3474 vivo
414 3407 537 3474 Clodio
557 3405 755 3471 labefactari
777 3426 844 3469 non
867 3413 1009 3488 poterat,
1030 3423 1117 3466 mor·

68 3511 122 3568 tuo
149 3507 296 3594 denique
325 3507 481 3592 temptari
507 3517 646 3590 coeptus
671 3517 732 3569 est.
782 3503 864 3568 Non
890 3502 991 3566 modo
1015 3501 1118 3590 igitur

69 3602 149 3668 nihil
165 3609 316 3692 prodest,
335 3607 395 3672 sed
411 3608 507 3672 obest
524 3606 624 3670 etiam
643 3603 743 3670 Clodi
763 3625 854 3668 mors
872 3601 1007 3667 Miloni.

110 3721 153 3769 35.
179 3705 238 3770 ‘At
262 3707 368 3771 valuit
390 3706 521 3780 odium,
540 3704 619 3770 lecit
635 3704 752 3778 iratus,
772 3703 850 3768 fecit
867 3703 1038 3777 inimicus,
1057 3700 1118 3767 luit

69 3803 153 3870 ultor
179 3805 335 3895 injuriae,
358 3807 512 3891 poenitor
540 3804 666 3871 doloris
695 3803 772 3868 sui.’
831 3801 949 3888 Qid?
974 3803 1001 3868 si
1031 3804 1117 3867 haec
1137 3817 1170 3875 35

71 3922 135 3970 non
157 3905 235 3974 dico
259 3907 390 3996 majora
417 3906 553 3972 suerunt
577 3904 612 3968 in
640 3903 764 3969 Clodio
780 3925 883 3988 quam
909 3903 942 3966 in
969 3902 1114 3979 Milone,
