2668 4262
67 204 147 245 xx1v·
162 193 216 264 71·]
295 193 441 260 Cicero’s
465 194 600 260 Mariae
623 195 698 258 and
718 195 890 283 Purpose.
1072 195 1114 274 83

65 394 146 459 satis
174 417 248 460 esse
277 395 380 460 animi
411 396 753 481 perseverantiaeque
786 395 948 460 arbitror:
991 395 1114 460 deinde

64 514 141 557 cum
174 508 302 559 tantam
335 495 583 560 multitudinem
617 518 694 559 cum
727 508 820 560 tanto
851 496 962 560 studio
995 497 1115 560 adesse

63 594 254 670 videamus,
284 607 446 680 quantam
479 596 599 658 iterum
633 617 725 659 nunc
757 596 791 658 in
824 597 944 659 eodem
978 595 1114 659 homine

63 695 293 776 praeficiendo
313 695 481 758 videmus.
500 694 581 778 quid
603 697 763 779 estquod
784 708 841 758 aut
865 696 907 759 de
932 716 967 758 re
992 709 1049 758 aut
1073 696 1115 757 de

63 795 261 877 perficiendi
282 795 441 858 facultate
461 794 677 858 dubitemus?
725 795 802 882 Ego
823 807 935 858 autem
952 795 1114 881 quicquid
1151 817 1165 870 ς

62 906 110 956 est
133 893 168 955 in
192 915 246 956 me
269 894 371 966 studi,
394 893 527 966 consili,
550 895 687 967 laboris,
711 894 842 982 ingeni,
865 895 1027 980 quicquid
1051 896 1115 958 hoc

62 993 228 1058 beneficio
245 994 362 1078 populi
380 992 531 1057 Romani
550 1007 649 1080 atque
668 995 733 1058 hac
750 1007 913 1079 potestate
931 994 1113 1079 praetoria,

62 1093 224 1179 quicquid
242 1092 452 1166 auctoritate,
472 1093 553 1168 fide,
572 1095 760 1158 constantia
781 1116 934 1178 possum,
954 1094 987 1158 id
1012 1115 1115 1158 omne

64 1195 105 1257 ad
130 1195 221 1258 hanc
238 1215 310 1257 rem
327 1193 576 1258 conficiendam
594 1193 653 1257 tibi
670 1205 703 1258 et
720 1196 846 1278 populo
863 1194 1025 1258 Romano
1042 1195 1115 1279 pol-

61 1293 166 1358 liceor
183 1315 224 1356 ac
240 1294 378 1358 defero:
397 1309 445 1356 ro.
467 1304 637 1379 testorque
653 1295 765 1358 omnis
782 1294 876 1367 deos
892 1305 925 1358 et
942 1316 1000 1358 eos
1019 1315 1115 1357 max·
1133 1319 1164 1354 10

62 1393 128 1457 ime
148 1394 207 1480 qui
229 1394 309 1458 huic
329 1394 404 1459 loco
428 1394 624 1479 temploque
648 1394 855 1479 praesident,
877 1393 934 1480 qui
960 1394 1112 1459 omnium

62 1495 184 1558 mentis
208 1515 325 1558 eorum
349 1494 407 1580 qui
433 1494 476 1558 ad
505 1515 577 1558 rem
606 1494 778 1578 publicam
808 1494 935 1559 adeunt
963 1494 1113 1558 maxime

61 1593 282 1680 perspiciunt,
308 1615 362 1658 me
388 1595 453 1658 hoc
477 1615 588 1679 neque
612 1608 734 1680 rogatu
759 1593 871 1658 lacere
896 1594 1112 1682 cujusquam,

61 1715 171 1780 neque
189 1717 256 1780 quo
273 1692 340 1760 Cn.
360 1693 501 1778 Pompei
519 1693 666 1780 gratiam
685 1693 766 1756 mihi
785 1695 952 1778 perhanc
973 1715 1114 1759 causam

61 1795 235 1860 conciliari
253 1808 381 1880 putem,
400 1816 512 1880 neque
529 1817 595 1880 quo
614 1794 695 1857 mihi
714 1817 756 1858 ex
774 1795 975 1882 cujusquam
994 1797 1114 1879 ampli·
1134 1820 1163 1868 ¹5

60 1897 176 1960 tudine
195 1907 252 1960 aut
269 1895 438 1980 praesidia
457 1894 617 1978 periculis
636 1906 692 1957 aut
710 1895 905 1981 adjumenta
929 1895 1114 1959 honoribus

61 2015 246 2078 quaeram3
272 2008 450 2080 propterea
468 1995 559 2080 quod
579 1994 729 2078 pericula
748 1995 860 2068 facile,
879 2007 915 2058 ut
940 1995 1114 2058 hominem

61 2109 235 2178 praestare
252 2108 393 2179 oportet,
409 2095 604 2159 innocentia
622 2093 698 2158 tecti
714 2096 932 2179 repellemus
949 2095 1114 2159 honorem

62 2207 173 2259 autem
204 2217 314 2280 neque
343 2197 386 2258 ab
410 2217 480 2259 uno
504 2216 616 2280 neque
641 2215 684 2258 ex
710 2197 775 2258 hoc
798 2196 888 2266 loco,
910 2195 970 2258 sed
991 2195 1114 2259 eadem

61 2293 117 2358 illa
134 2309 249 2359 nostra
267 2295 535 2359 laboriosissima
553 2295 682 2359 ratione
700 2295 801 2368 vitae,
820 2295 848 2358 si
868 2308 977 2359 vestra
995 2296 1114 2358 volun·
1131 2319 1162 2351 20

61 2405 110 2458 tas
134 2395 233 2468 feret,
257 2415 518 2480 consequemur.
566 2411 607 2458 71.
632 2393 750 2482 Qam
779 2396 822 2459 ob
851 2417 923 2458 rern
951 2395 1112 2481 quicquid

62 2492 93 2556 in
126 2497 194 2558 hac
226 2515 329 2559 causa
364 2493 445 2557 milri
478 2508 673 2578 susceptum
706 2507 768 2562 est.
794 2492 959 2578 Quirites,
985 2494 1018 2558 id
1047 2515 1114 2581 ego

62 2613 161 2659 omne
181 2616 235 2657 me
252 2594 299 2657 rei
318 2595 475 2677 publicae
493 2615 596 2657 causa
618 2594 810 2678 suscepisse
831 2595 1015 2663 conlirm03
1040 2606 1114 2656 tan-

61 2703 200 2782 tumque
225 2695 320 2758 abest
344 2707 379 2757 ut
403 2695 553 2780 aliquam
578 2694 660 2757 mihi
685 2694 812 2758 bonam
837 2695 983 2779 gratiam
1009 2715 1114 2779 quae-

63 2794 145 2859 sisse
175 2795 304 2868 videar‚
331 2806 368 2858 ut
396 2795 519 2858 multas
549 2815 602 2858 me
635 2794 736 2858 etiam
770 2794 958 2858 simultates
991 2794 1111 2877 partim
1131 2819 1161 2870 ²5

63 2893 237 2964 obscuras,
256 2893 378 2977 partim
396 2905 531 2978 apertas
549 2893 747 2980 intellegam
766 2893 847 2956 mihi
867 2914 935 2956 non
955 2913 1113 2957 necessa-

63 2991 141 3066 rias,
164 2993 260 3058 vobis
282 3015 350 3056 non
375 2992 502 3056 inutilis
527 2994 731 3078 suscepisse.
782 2992 852 3056 Sed
877 3013 943 3078 ego
968 3013 1023 3056 me
1048 2993 1113 3057 hoc

65 3091 191 3157 honore
223 3093 427 3178 praeditum,
457 3093 557 3157 tantis
589 3093 709 3157 vestris
736 3090 912 3156 beneficiis
941 3092 1111 3157 adfectum

65 3193 174 3264 statui,
189 3191 353 3278 Quirites
366 3205 514 3256 vestram
529 3195 736 3267 voluntatem
750 3205 783 3255 et
796 3191 842 3255 rei
861 3192 1019 3276 publicae
1036 3193 1113 3279 dig-

66 3292 200 3357 nitatem
224 3306 258 3357 et
281 3295 425 3357 salutem
450 3294 701 3377 provinciarum
724 3305 823 3378 atque
836 3292 1009 3371 sociorum
1027 3295 1112 3358 meis
1130 3319 1162 3366 30

67 3393 219 3459 omnibus
236 3391 425 3458 commodis
442 3405 475 3458 et
490 3392 676 3458 rationibus
693 3380 866 3479 praeserie
883 3405 1050 3478 oportere.
1074 3411 1134 3488 p„

739 3534 765 3616 {l
788 3541 841 3642 if}
864 3545 878 3625 t'
905 3563 920 3616 l
949 3573 961 3602 ·‘
982 3607 999 3624 .
1029 3554 1108 3640 rl'lj'

1094 3628 1119 3646 ιιι·

716 3675 749 3704 k,

741 3685 857 3798 'lull'-
884 3705 932 3784 l‘f
957 3725 974 3740 ’“
1005 3683 1113 3830 lilla
