2668 4262
81 177 202 250 V11·16·]
294 180 354 247 He
378 181 456 246 will
474 203 555 246 soon
580 188 718 268 appear
741 181 778 245 in
803 180 923 247 Arms.
1015 167 1019 174 ¹
1073 199 1135 263 103

79 379 233 446 Manlius
265 381 327 446 iste
359 381 525 454 centurio,
552 381 609 468 qui
638 381 672 445 in
698 403 782 469 agro
806 381 1001 446 Faesulano
1025 394 1138 446 castra

77 481 203 565 posuit,
223 481 348 545 bellum
371 482 497 566 populo
518 482 679 546 Romano
704 503 766 546 suo
791 483 928 546 nomine
953 482 1086 558 indixit,
1105 493 1139 546 et

76 581 135 644 illu
162 593 273 646 castra
299 603 391 645 nunc
416 604 483 645 non
509 580 696 646 Catilinam
720 582 842 646 ducem
868 593 1081 666 exspectant,
1105 594 1138 647 et

76 682 133 746 ille
151 681 280 770 ejectus
298 681 331 744 in
349 682 510 746 exsilium
534 703 571 746 se
596 681 802 757 Massiliam,
821 693 858 744 ut
881 682 987 757 aiunt,
1009 703 1077 747 non
1101 681 1137 746 in

76 781 163 846 haec
183 793 294 846 castra
312 781 475 846 conferet.
876 825 882 834 -
1164 811 1178 862 ς

119 901 188 945 vn.
214 881 247 946 Ο
279 882 517 946 condicionem
550 881 710 946 miseram
744 903 813 946 non
845 882 946 947 modo
975 882 1138 948 adminis-

74 983 234 1057 trandae,
271 1003 389 1047 verum
428 981 531 1046 etiam
568 983 826 1048 conservandae
866 983 915 1046 rei
956 980 1136 1067 publicae!

75 1081 182 1147 Nunc
200 1083 228 1147 si
249 1081 291 1147 L.
305 1081 456 1148 Catilina
474 1082 638 1157 consiliis,
657 1083 844 1156 laboribus,
867 1084 1027 1168 periculis
1052 1083 1137 1148 meis

75 1183 325 1248 circumclusus
346 1204 388 1247 ac
408 1183 601 1248 debilitatus
622 1184 733 1248 subito
758 1183 979 1267 pertimuerit,
1002 1195 1137 1248 senten-

74 1284 158 1347 tiam
190 1283 382 1358 mutaverit,
407 1284 594 1348 deseruerit
621 1305 714 1358 suos,
737 1283 917 1348 consilium
946 1283 1027 1347 belli
1055 1284 1181 1349 saci-r·

75 1384 156 1448 endi
187 1383 362 1471 abjecerit,
387 1405 430 1448 ex
459 1384 525 1448 hoc
548 1405 650 1448 cursu
675 1383 815 1448 sceleris
840 1404 881 1448 ac
903 1383 983 1448 belli
1008 1383 1072 1447 iter
1092 1383 1138 1448 ad

75 1483 199 1570 fugam
223 1495 324 1570 atque
348 1484 383 1548 iu
409 1484 568 1548 exsilium
593 1483 945 1557 converterit,--non
965 1483 1022 1548 ille
1042 1505 1062 1547 a
1083 1505 1138 1548 me

75 1585 243 1668 spoliatus
261 1583 364 1649 armis
382 1584 563 1660 audaciae,
581 1605 649 1648 non
666 1583 922 1668 obstupefactus
945 1605 987 1648 ac
1011 1596 1140 1670 perter-

75 1684 159 1749 ritus
187 1705 265 1748 mea
289 1685 480 1770 diligentia,
503 1706 571 1748 non
596 1685 639 1748 de
663 1705 723 1769 spe
744 1696 936 1770 conatuque
960 1684 1136 1769 depulsus,

75 1785 136 1849 sed
150 1785 384 1859 indemnatus,
400 1783 578 1859 innocens,
593 1784 627 1848 in
643 1784 801 1849 exsilium
816 1784 944 1870 ejectus
961 1805 981 1848 a
998 1785 1138 1849 consule
1153 1811 1162 1846 ι
1167 1809 1183 1861 5

74 1885 108 1947 vi
125 1895 160 1948 et
179 1884 279 1948 minis
297 1906 371 1949 esse
385 1884 537 1958 dicetur3
561 1896 594 1949 et
610 1896 708 1949 erunt
724 1884 782 1970 qui
799 1884 909 1959 illum,
925 1884 953 1949 si
972 1886 1036 1950 hoc
1049 1884 1140 1949 fece·

76 1985 130 2060 rit,
152 2007 223 2049 non
247 1984 454 2070 improbum,
476 1985 537 2048 sed
562 1984 738 2059 miserum,
757 2005 811 2048 me
831 2006 899 2049 non
920 1985 1140 2073 diligentissi-

75 2107 173 2149 mum
187 2086 377 2159 consulem,
393 2085 454 2148 sed
471 2085 940 2171 crudelissimumtyrannum
950 2086 1139 2151 existimari

74 2183 292 2252 velintil'ls.
317 2185 378 2250 Est
410 2184 492 2248 mihi
525 2184 622 2260 tanti,
657 2183 823 2269 Quirites,
858 2185 958 2273 hujus
990 2185 1139 2250 invidiae

76 2285 188 2350 salsae
205 2296 306 2372 atque
323 2285 462 2371 iniquae
478 2295 713 2370 tempestatem
738 2285 865 2361 subire,
885 2287 966 2350 dum
993 2287 1094 2352 modo
1118 2307 1183 2350 aa·

74 2386 176 2450 vobis
199 2385 302 2472 hujus
327 2385 497 2450 horribilis
519 2385 600 2449 belli
618 2406 659 2448 ac
676 2385 797 2450 nefarii
815 2386 1004 2471 periculum
1022 2386 1139 2471 depel-

77 2485 179 2549 latur.
231 2485 374 2549 Dicatur
390 2505 474 2548 sane
491 2485 619 2573 ejectus
636 2506 712 2550 esse
730 2507 750 2549 a
768 2507 836 2561 me,
855 2487 937 2550 dum
958 2486 1059 2551 modo
1084 2496 1140 2550 eat

76 2585 111 2649 in
129 2586 304 2652 exsilium.
354 2586 438 2658 Sed,
456 2585 538 2649 mihi
556 2586 696 2662 credite,
712 2608 779 2651 non
798 2599 848 2651 est
861 2587 979 2651 iturus.
1028 2586 1139 2651 Num·

77 2708 183 2772 quam
201 2707 268 2774 ego
285 2708 304 2750 a
322 2687 374 2750 dis
391 2685 639 2751 immortalibus
657 2688 794 2773 optabo,
811 2685 976 2773 Quirites,
990 2686 1139 2752 invidiae

78 2808 178 2851 meae
196 2787 363 2852 levandae
381 2807 499 2862 causa,
519 2798 554 2850 ut
578 2785 621 2850 L.
645 2785 831 2851 Catilinam
858 2788 983 2852 ducere
1008 2787 1140 2852 exerci·
1153 2810 1185 2862 25

77 2897 150 2950 tum
165 2886 312 2952 hostium
331 2896 431 2972 atque
448 2885 482 2950 in
503 2886 608 2950 armis
632 2887 774 2951 volitare
799 2887 966 2952 audiatis:
998 2887 1059 2952 sed
1082 2886 1140 2952 tri·

79 2986 148 3051 duo
172 2996 286 3050 tamen
312 2985 476 3059 audietis3
510 2985 685 3073 multoque
710 2986 822 3073 magis
846 2987 930 3051 illud
955 2986 1070 3062 timeo,
1095 3007 1139 3052 ne

81 3083 165 3149 mihi
193 3086 235 3151 sit
262 3085 468 3150 invidiosum
498 3085 697 3172 aliquando,
721 3087 813 3172 quod
842 3087 938 3150 illurn
967 3086 1139 3152 emiserim

81 3186 192 3269 potius
219 3207 324 3272 quam
352 3186 444 3273 quod
469 3185 641 3274 ejecerim.
692 3184 764 3251 Sed
788 3207 865 3250 curn
892 3187 959 3251 sint
983 3186 1139 3252 homines

82 3285 138 3368 qui
151 3285 261 3360 illum,
276 3306 354 3350 cum
368 3285 540 3371 profectus
557 3284 612 3360 sit,
627 3284 771 3373 ejectum
790 3305 866 3350 esse
883 3286 1011 3361 dicant,
1027 3286 1138 3351 eidem
1151 3313 1184 3364 3·

83 3383 111 3448 si
134 3385 329 3450 interfectus
346 3397 436 3450 esset
451 3384 534 3471 quid
549 3383 724 3449 dicerent?
763 3401 804 3448 lo.
829 3379 1056 3471 Quamquam
1070 3385 1137 3460 isti,

83 3489 139 3568 qui
167 3484 352 3551 Catilinam
381 3484 575 3549 Massiliam
604 3484 653 3548 ire
683 3484 849 3558 dictitant,
879 3501 947 3549 non
976 3497 1044 3550 tam
1074 3486 1140 3550 hoc

84 3598 268 3668 queruntur
298 3606 401 3671 quarn
434 3595 604 3649 verentur.
669 3583 783 3650 Nemo
816 3597 868 3651 est
898 3585 1037 3650 istorum
1069 3597 1140 3650 tarn

86 3683 287 3760 misericors,
302 3685 361 3771 qui
374 3684 470 3749 illum
485 3707 552 3749 non
571 3685 615 3750 ad
629 3684 800 3750 Manlium
818 3707 921 3772 quarn
940 3687 983 3750 ad
1000 3684 1141 3749 Massil-

85 3781 183 3850 iensis
201 3785 250 3850 ire
268 3785 375 3850 malit.
425 3783 487 3848 Ille
505 3797 632 3859 autem,
648 3785 675 3849 si
697 3785 944 3870 (mehercule)
966 3787 1031 3850 hoc
1048 3785 1139 3873 quod
1155 3810 1188 3864 ³5

86 3883 154 3971 agit
176 3905 364 3972 numquam
388 3896 489 3950 antea
514 3884 711 3972 cogitasset,
736 3896 851 3951 tamen
879 3885 1139 3952 latrocinantem
