2668 4262
74 206 182 277 v1.15.]
258 207 393 273 Motive
415 209 490 272 and
509 207 654 274 Nature
678 210 725 293 os
738 209 795 273 the
824 207 935 275 Trial.
1062 225 1123 294 175

114 436 156 482 13.
183 417 285 482 Hanc
302 441 383 483 vero
400 419 649 506 quaestionem,
663 419 724 484 etsi
739 441 806 484 non
820 432 870 485 est
883 419 1012 508 iniqua,
1026 442 1125 484 num·

70 541 174 605 quam
202 533 314 583 tamen
343 532 482 583 senatus
507 520 781 583 constituendam
814 521 955 604 putavit.
1017 519 1125 585 Erant

69 621 160 684 enim
185 619 295 706 leges,
314 631 411 682 erant
426 620 643 705 quaestiones
661 621 714 684 vel
738 619 781 684 de
799 622 905 685 caede
924 622 977 685 vel
1002 622 1044 686 de
1069 622 1122 694 vi3

69 741 133 784 nec
150 733 280 783 tanturn
301 740 490 783 maerorem
508 740 549 783 ac
566 720 693 783 luctum
712 721 843 784 senatui
862 743 953 785 mors
966 720 1007 784 Ρ.
1022 719 1123 786 Clodi

69 819 259 894 adferebat,
274 831 310 883 ut
327 839 416 883 nova
432 819 588 905 quaestio
605 819 875 885 constitueretur.
906 819 1015 909 Cujus
1032 820 1123 884 enim
1140 846 1155 904 ς

67 920 109 983 de
127 919 187 984 illo
205 921 334 984 incesto
350 931 466 1004 stupro
482 917 650 1006 judicium
675 920 882 985 decernendi
907 919 1039 984 senatui
1063 942 1125 1005 po·

66 1029 171 1085 testas
189 1032 279 1084 esset
294 1031 424 1105 erepta,
443 1018 486 1083 de
503 1018 576 1107 ejus
594 1018 728 1082 interitu
750 1019 827 1105 quis
850 1031 960 1106 potest
983 1020 1124 1084 credere

67 1133 225 1184 senatum
239 1119 408 1208 judicium
425 1139 552 1184 novum
569 1119 843 1198 constituendum
864 1118 1024 1206 putasse?
1051 1118 1125 1184 Cur

66 1219 171 1306 igitur
200 1219 397 1284 incendium
426 1219 555 1294 curiae,
583 1219 877 1305 oppugnationem
906 1221 1042 1285 aedium
1071 1219 1122 1284 M.

66 1317 208 1403 Lepidi,
228 1319 370 1384 caedem
389 1319 479 1384 hanc
495 1320 606 1405 ipsam
632 1331 750 1384 contra
775 1340 847 1384 rem
872 1321 1045 1407 publicam
1070 1341 1124 1384 se·
1142 1357 1174 1397 10

66 1431 167 1484 natus
185 1420 312 1484 factam
330 1441 405 1484 esse
422 1417 595 1484 decrevit?
615 1419 695 1506 quia
713 1420 808 1483 nulla
824 1419 875 1484 vis
892 1440 1056 1506 umquam
1073 1431 1124 1484 est

65 1519 100 1581 in
125 1520 236 1585 libera
260 1519 395 1584 civitate
420 1533 577 1604 suscepta
602 1519 687 1584 inter
712 1519 796 1584 civis
818 1541 887 1584 non
907 1533 1024 1586 contra
1049 1541 1122 1585 rem

66 1621 256 1704 publicam.
304 1631 347 1677 1⁴·
371 1619 451 1684 Non
474 1621 566 1684 enim
586 1631 637 1684 est
656 1620 715 1685 illa
737 1619 892 1684 defensio
913 1631 1031 1684 contra
1052 1621 1121 1684 vim

66 1741 233 1807 umquam
257 1721 421 1806 optanda,
446 1721 508 1785 sed
532 1741 600 1784 non
623 1741 814 1807 numquam
838 1731 889 1785 est
911 1721 1118 1786 necessaria.

66 1817 142 1884 Nisi
160 1842 244 1885 vero
262 1832 319 1884 aut
335 1820 392 1885 ille
408 1819 481 1885 dies
497 1841 565 1906 quo
581 1819 638 1884 Ti.
652 1819 833 1886 Gracchus
850 1832 901 1885 est
916 1841 1051 1896 caesuS,
1064 1833 1122 1886 aut
1140 1850 1170 1908 ις

66 1919 122 1985 ille
139 1943 211 2008 quo
228 1919 351 1994 Gaius,
371 1931 428 1984 aut
443 1941 510 2006 quo
531 1941 627 1984 arma
644 1919 820 1985 Saturnini
845 1928 1011 2008 oppressa
1026 1930 1119 1996 sunt,

66 2021 169 2085 etiam
193 2019 220 2085 si
241 2043 259 2085 e
279 2041 316 2084 re
337 2020 474 2105 publica
496 2041 660 2106 oppressa
680 2033 771 2096 sunt,
790 2043 861 2086 rem
880 2023 1053 2107 publicam
1070 2033 1119 2086 ta·

68 2141 146 2184 men
176 2142 246 2185 non
274 2121 505 2185 volnerarent.
554 2140 602 2184 vn
628 2119 747 2207 Itaque
775 2143 842 2210 ego
869 2122 943 2209 ipse
968 2122 1119 2198 decrevi,

67 2240 145 2284 cum
178 2221 323 2285 caedem
355 2219 390 2284 in
419 2218 534 2306 Appia
562 2221 688 2285 factam
725 2241 801 2286 esse
836 2233 1018 2298 constaret,
1052 2244 1121 2288 non

67 2339 145 2385 eum
169 2320 228 2407 qui
257 2341 293 2385 se
319 2320 527 2385 defendisset
554 2331 671 2385 contra
696 2343 768 2386 rem
793 2323 967 2408 publicam
984 2323 1119 2398 fecisse,
1137 2344 1172 2386 ao

67 2421 140 2496 sed,
160 2441 240 2486 cum
260 2420 387 2484 inesset
410 2419 445 2483 in
469 2441 506 2485 re
529 2419 581 2484 vis
605 2431 638 2486 et
661 2421 820 2498 insidiae,
843 2422 972 2486 crimen
991 2423 1121 2511 judicio

67 2520 254 2596 reservavi,
281 2541 354 2584 rem
382 2520 508 2584 notavi.
559 2518 665 2606 Qrod
693 2521 722 2586 si
750 2543 811 2607 per
836 2522 1001 2588 furiosum
1023 2523 1121 2587 illum

67 2621 241 2686 tribunum
274 2620 405 2685 senatui
437 2620 529 2706 quod
561 2621 729 2687 sentiebat
760 2621 925 2707 perficere
957 2622 1119 2695 licuisset,

68 2741 193 2786 novam
218 2719 452 2807 quaestionem
478 2721 608 2786 nullam
634 2721 852 2786 haberemus.
904 2721 1122 2786 Decernebat

67 2820 173 2895 enim,
198 2832 234 2885 ut
259 2819 429 2885 veteribus
454 2819 602 2906 legibus,
624 2831 755 2886 tantum
782 2821 884 2886 modo
907 2832 1004 2886 extra
1031 2822 1120 2887 ordi·
1137 2836 1171 2894 25
1229 2866 1235 2880 ·

67 2941 160 2996 nem,
190 2931 424 3008 quaereretur.
485 2919 605 2984 Divisa
637 2921 804 2986 sententia
836 2930 899 2996 est,
929 2921 1120 3006 postulante

67 3019 289 3106 nescioquo:
313 3019 397 3082 nihil
415 3018 505 3083 enim
523 3041 665 3086 necesse
682 3033 732 3086 est
748 3019 900 3085 omnium
917 3042 973 3086 me
989 3021 1121 3108 flagitia

68 3119 232 3202 proferre.
281 3117 341 3184 Sic
363 3118 495 3205 reliqua
515 3121 699 3185 auctoritas
722 3133 861 3186 senatus
885 3131 1000 3206 empta
1018 3119 1121 3186 inter·

68 3220 223 3285 cessione
247 3220 381 3285 sublata
406 3233 468 3284 est.

111 3338 152 3384 15.
174 3318 222 3384 At
245 3319 337 3386 enim
360 3318 428 3385 Cn.
447 3319 633 3407 Pompeius
655 3321 832 3409 rogatione
849 3342 911 3386 sua
927 3331 960 3386 et
976 3321 1018 3386 de
1035 3343 1071 3386 re
1089 3331 1122 3388 et
1138 3331 1173 3387 30

69 3418 110 3485 de
134 3440 239 3486 causa
259 3419 447 3508 judicavit:
464 3421 538 3485 tulit
554 3422 645 3486 enim
663 3423 706 3486 de
724 3422 830 3485 caede
846 3441 936 3506 quae
952 3421 987 3486 in
1003 3419 1121 3507 Appia

70 3517 124 3584 via
139 3520 227 3586 facta
244 3531 346 3596 esset,
364 3520 482 3608 inqua
500 3520 540 3586 P.
560 3520 703 3587 Clodius
720 3521 853 3586 occisus
873 3532 974 3586 esset.
1025 3519 1120 3606 Quid

70 3640 151 3706 ergo
163 3619 259 3687 tulit?
272 3642 397 3707 nempe
410 3633 446 3684 ut
458 3633 691 3707 quaereretur.
730 3619 826 3704 Quid
840 3642 939 3704 porro
952 3641 1120 3706 quaeren-

71 3719 148 3785 dum
166 3719 238 3786 est?
268 3719 459 3785 Factumne
476 3719 540 3785 sit?
564 3731 598 3784 at
615 3730 756 3784 constat.
796 3719 829 3784 A
845 3719 934 3806 quo?
959 3733 992 3784 at
1008 3733 1116 3806 paret.

71 3815 162 3886 Vidit
189 3821 305 3908 igitur,
331 3821 431 3884 etiam
461 3821 496 3883 in
525 3819 741 3884 confessione
770 3819 864 3895 sacti,
889 3819 975 3906 juris
1003 3833 1118 3885 tamen
1139 3831 1172 3890 35

72 3919 303 3987 defensionem
327 3919 453 4005 suscipi
477 3940 591 4004 posse.
641 3917 745 4003 Qod
770 3918 835 3984 nisi
859 3920 999 3985 vidisset
1017 3940 1118 4004 posse
