2714 4266
108 247 168 288 mx.
193 235 265 306 132·]
293 235 389 302 How
412 235 504 302 these
535 233 571 302 T
565 258 726 300 reasures
749 257 813 299 are
837 233 980 300 Prr'zed.
1119 253 1163 321 49

106 437 155 513 id,
186 459 264 503 cum
295 447 366 502 tam
400 437 507 502 multa
539 459 584 502 ex
615 436 675 502 illo
706 435 792 501 mari
824 435 916 501 bella
948 435 1160 510 emerserint,

106 550 177 603 tam
207 539 312 602 multa
342 559 442 622 porro
470 538 505 603 in
534 536 681 603 Pontum
710 538 844 601 invecta
873 537 951 610 sint,
979 557 1086 622 usque
1119 535 1163 600 ad

106 639 199 703 hanc
216 639 308 705 diem
325 639 496 724 integrum
515 637 783 724 inviolatumque
802 647 973 700 servatum
987 647 1046 700 est.
1085 634 1163 700 Hoc

105 740 257 812 tertium,
276 738 367 825 quod
392 750 465 802 erat
490 737 687 824 Syracusis,
706 738 797 824 quod
824 736 875 800 M.
896 735 1085 800 Marcellus
1110 757 1164 800 ar·

106 850 220 903 matus
249 850 281 902 et
308 836 416 903 victor
443 837 587 912 viderat,
618 837 711 922 quod
743 835 900 924 religioni
933 847 1160 910 concesserat,
1195 865 1209 918 5

105 940 198 1026 quod
220 939 313 1004 cives
338 949 437 1025 atque
463 937 598 1003 incolae
624 936 836 1024 Syracusani
861 937 985 1011 colere,
1008 937 1162 1000 advenae

105 1061 177 1104 non
202 1041 312 1104 solum
337 1039 461 1112 visere,
484 1059 603 1102 verum
629 1037 731 1102 etiarn
757 1036 913 1102 venerari
938 1036 1105 1111 solebant,
1127 1035 1163 1101 id

104 1140 236 1204 Verres
260 1161 304 1204 ex
328 1141 457 1223 templo
476 1138 573 1225 Jovis
597 1138 742 1203 sustulit.
1157 1131 1244 1180 *³

152 1256 195 1304 le.
218 1239 266 1306 Ut
291 1239 428 1325 saepius
454 1239 498 1304 ad
523 1237 730 1303 Marcellum
756 1249 920 1314 revertar,
941 1237 1088 1326 judices,
1113 1237 1163 1303 sic

106 1341 288 1406 habetote:
325 1340 441 1426 plures
473 1361 549 1404 esse
582 1359 601 1403 a
631 1337 861 1425 Syracusanis
889 1337 985 1403 istius
1014 1337 1163 1402 adventu
1178 1367 1210 1405 ro

106 1443 205 1514 deos
238 1462 341 1528 quam
380 1439 521 1505 victoria
554 1437 713 1503 Marcelli
748 1437 905 1503 homines
936 1437 1159 1502 desideratos.

107 1541 245 1607 Etenim
263 1542 320 1604 ille
334 1539 516 1627 requisisse
531 1539 631 1604 etiarn
650 1539 773 1604 dicitur
787 1537 1033 1603 Archimedem
1050 1537 1159 1613 illum,

107 1664 245 1707 summo
272 1641 413 1728 ingenio
441 1639 615 1705 hominem
649 1659 689 1704 ac
721 1637 917 1723 disciplina,
947 1659 1050 1724 quem
1083 1659 1161 1702 cum

108 1743 261 1807 audisset
288 1741 515 1814 intersectum,
541 1740 744 1824 permoleste
770 1739 908 1804 tulisse:
942 1739 1003 1803 iste
1031 1739 1159 1813 omnia,

109 1863 198 1930 quae
223 1841 409 1928 requisivit,
428 1862 498 1904 non
519 1852 554 1904 ut
570 1850 801 1915 conservaret,
821 1860 940 1903 verum
957 1849 993 1904 ut
1009 1850 1162 1924 asporta·
1178 1869 1189 1904 1
1194 1867 1209 1920 ς

109 1955 160 2006 ret
184 1941 368 2028 requisivit.

155 2061 230 2106 mx.
256 2058 297 2105 ιτ.
316 2041 395 2128 Jam
417 2040 475 2104 illa
495 2061 584 2127 quae
602 2039 731 2105 leviora
748 2039 954 2105 videbuntur
969 2039 1047 2105 ideo
1064 2059 1163 2124 prae·

109 2143 389 2229 terib0,—quod
428 2161 565 2206 mensas
599 2139 787 2226 Delphicas
820 2161 839 2205 e
872 2161 1055 2216 marmore,
1088 2161 1163 2205 cra-

108 2253 200 2308 teras
229 2263 273 2306 ex
302 2263 380 2306 aere
407 2241 669 2326 pulcherrimas,
694 2241 763 2304 vim
790 2240 976 2305 maximam
1001 2262 1162 2305 vasorum

110 2343 364 2408 Corinthiorum
383 2363 427 2405 ex
444 2341 602 2406 omnibus
619 2340 762 2405 aedibus
779 2341 886 2406 sacris
904 2342 1040 2406 abstulit
1057 2339 1163 2428 Syra·
1177 2369 1209 2404 20

110 2443 213 2508 cusis.
264 2441 396 2528 ltaque,
419 2441 566 2530 judices,
591 2439 621 2505 ei
646 2441 704 2528 qui
722 2442 874 2526 hospites
891 2443 935 2506 ad
952 2463 993 2505 ea
1009 2463 1097 2528 quae
1114 2441 1163 2504 vi·

110 2543 218 2606 sende
235 2555 313 2606 sunt
330 2543 439 2606 solent
456 2543 595 2614 ducere,
614 2553 646 2605 et
663 2563 768 2605 unum
794 2542 944 2628 quidque
969 2542 1160 2616 ostendere,

110 2665 196 2729 quos
220 2642 268 2707 illi
294 2654 518 2728 mystagogos
542 2653 678 2716 vocant,
706 2663 908 2706 conversam
934 2642 1008 2729 jam
1037 2642 1164 2705 habent

110 2743 434 2809 demonstrationem
453 2763 563 2806 suam.
604 2739 709 2814 Nam,
726 2752 761 2805 ut
782 2755 860 2805 ante
885 2741 1164 2805 demonstrabant

110 2842 193 2930 quid
210 2843 335 2929 ubique
353 2853 454 2916 esset,
473 2844 553 2906 item
572 2862 664 2906 nunc
680 2841 763 2929 quid
779 2842 929 2928 undique
947 2842 1097 2905 ablatum
1122 2841 1164 2905 sit
1178 2868 1209 2921 ²5

108 2943 305 3008 ostendunt.

155 3059 195 3107 ιθ.
220 3041 315 3126 Quid
332 3040 425 3107 tum?
457 3039 666 3106 mediocrine
683 3043 820 3107 tandem
839 3041 955 3106 dolore
973 3063 1031 3106 eos
1049 3040 1164 3106 adsec-

109 3156 162 3209 tos
185 3164 260 3207 esse
282 3139 514 3206 arbitramini?
561 3141 642 3206 Non
668 3142 713 3206 ita
738 3152 801 3216 est,
816 3141 971 3229 judices:
1001 3143 1160 3226 primum,

110 3244 202 3332 quod
219 3264 339 3308 omnes
356 3242 523 3329 religione
547 3253 737 3315 moventur,
757 3253 790 3306 et
813 3242 896 3307 deos
920 3241 1059 3326 patrios,
1077 3263 1162 3327 quos

112 3367 132 3408 a
161 3343 346 3430 majoribus
375 3353 595 3428 acceperunt,
626 3342 789 3407 colendos
821 3342 885 3406 sibi
918 3343 1100 3428 diligenter
1132 3353 1164 3405 et
1179 3369 1210 3418 30

111 3443 307 3508 retinendos
325 3463 400 3506 esse
418 3441 645 3507 arbitrantur:
674 3441 798 3505 deinde
824 3441 880 3506 hic
904 3454 1056 3513 ornatus,
1077 3440 1164 3505 haec

111 3565 216 3628 opera
245 3555 345 3629 atque
375 3541 530 3616 artificia,
554 3541 668 3628 signa,
693 3541 831 3605 tabulae
860 3541 983 3627 pictae,
1010 3541 1163 3606 Graecos

113 3643 268 3709 homines
297 3642 403 3706 nimio
431 3663 533 3726 opere
563 3642 744 3706 delectant.
810 3641 927 3727 ltaque
956 3663 999 3704 ex
1028 3641 1162 3704 illorum

111 3742 333 3830 querimoniis
358 3741 558 3828 intellegere
585 3763 781 3825 possumuS,
808 3743 894 3806 haec
922 3741 988 3805 illis
1017 3739 1163 3803 acerbis·

112 3844 199 3908 sima
219 3843 341 3916 videri,
363 3863 451 3929 quae
471 3841 612 3906 forsitan
634 3841 731 3904 nobis
752 3841 840 3904 levia
861 3852 893 3905 et
913 3839 1163 3905 contemnenda
1181 3865 1213 3920 35

112 3965 188 4010 esse
205 3943 397 4008 videantur.
447 3941 537 4006 Mihi
560 3941 699 4016 credite,
715 3938 1062 4029 judices-tametsi
1087 3959 1163 4003 vos-
