2668 4262
197 189 261 256 188
509 214 512 223 ·
548 187 707 276 Desence
731 190 779 272 os
791 187 893 254 Milo.
1141 185 1246 256 [an
1316 185 1317 192 '

194 387 338 454 Clodius
363 389 484 455 eadem
505 390 588 455 hora
613 389 831 455 Interamnae
855 390 964 454 suerat
987 407 1020 455 et
1044 389 1249 464 Romae,-

194 487 234 554 P.
254 489 415 555 Clodium
436 491 494 555 illo
514 492 569 556 die
592 491 627 554 in
651 491 789 555 Albano
813 509 1010 554 mansurum
1033 490 1139 555 fuisse
1153 513 1162 563 ;
1191 491 1248 553 sed
1317 568 1318 583 χ

195 590 304 656 subito
321 590 352 654 ei
369 613 443 656 esse
462 591 651 655 nuntiatum
669 590 801 678 Cyrum
820 592 1042 655 architectum
1059 612 1137 654 esse
1163 610 1249 653 mor·
1317 591 1318 618 ³

194 702 302 764 tuum,
332 691 446 776 itaque
474 705 612 777 repente
642 691 792 756 Romam
822 691 1035 756 constituisse
1062 689 1248 776 proficisci.

143 825 156 880 5
196 791 291 855 Dixit
315 793 381 855 hoc
404 813 520 857 comes
544 793 624 857 item
649 792 687 856 P.
706 791 820 865 Clodi,
840 791 882 857 C.
901 790 1058 856 Clodius.

239 911 344 956 xvrn.
369 910 414 956 47.
437 892 574 969 Videte,
596 893 744 980 judiceS,
772 907 921 979 quantae
949 914 1003 957 res
1020 893 1072 956 his
1100 891 1252 956 testimo-

194 992 259 1057 niis
276 993 342 1058 sint
358 995 545 1060 consectae.
594 992 748 1058 Primum
766 1006 857 1058 certe
882 994 1044 1058 liberatur
1066 991 1159 1057 Milo
1184 1013 1251 1056 non

195 1115 235 1158 eo
252 1095 394 1160 consilio
411 1095 582 1181 profectus
599 1115 687 1169 esse,
701 1107 737 1158 ut
752 1095 969 1159 insidiaretur
985 1093 1018 1158 in
1037 1094 1092 1158 via
1103 1092 1251 1159 Clodio:

194 1193 333 1279 quippe,
369 1196 396 1260 si
429 1197 485 1259 ille
513 1194 634 1260 obvius
662 1195 693 1259 ei
726 1193 858 1260 futurus
889 1195 1030 1259 omuino
1061 1216 1129 1259 non
1167 1204 1250 1258 erat.
1318 1201 1319 1212 ¹

145 1293 465 1371 10Deinde-non
506 1295 597 1360 enim
637 1295 737 1360 video
768 1316 831 1360 cur
865 1317 934 1360 non
967 1317 1079 1360 meum
1113 1315 1253 1381 quoque
1318 1345 1319 1366 2

196 1417 298 1484 agam
331 1395 681 1486 negotium-scitis,
711 1396 858 1484 judices,
892 1397 997 1462 fuisse
1029 1396 1086 1484 qui
1116 1397 1153 1460 in
1191 1399 1253 1460 lrac

196 1497 373 1583 rogatione
409 1497 586 1562 suadenda
618 1497 770 1561 dicerent
801 1495 942 1562 Milonis
976 1519 1076 1560 manu
1106 1497 1252 1561 caedem

196 1619 271 1660 esse
285 1587 427 1670 ¹factam,
446 1596 588 1661 consilio
605 1617 685 1660 vero
704 1596 840 1684 majoris
858 1597 1015 1684 alicujus.
1053 1595 1115 1661 Me
1132 1597 1254 1661 videli-

196 1711 250 1761 cet
277 1697 443 1761 latronem
472 1717 513 1760 ac
545 1697 704 1760 sicarium
737 1697 860 1784 abjecti
888 1697 1043 1761 homines
1071 1706 1104 1761 et
1128 1695 1253 1780 perditi

147 1822 176 1879 ¹5
197 1797 446 1861 describebant.
491 1795 614 1882 Jacent
637 1796 708 1860 suis
732 1796 871 1861 testibus
903 1795 971 1883 [ei]
1006 1795 1064 1882 qui
1088 1795 1254 1861 Clodium

198 1909 327 1983 negant
351 1919 393 1961 eo
418 1896 473 1961 die
490 1896 654 1969 Romam,
682 1895 746 1959 nisi
774 1896 816 1960 de
838 1894 933 1983 Cyro
958 1897 1120 1971 audisset,
1148 1896 1254 1962 fuisse

197 1997 396 2060 rediturum.
447 1995 643 2080 Respiravi,
662 1995 823 2060 liberatus
840 2017 937 2069 sum;
971 2017 1039 2061 non
1056 2017 1182 2060 vereor
1199 2019 1253 2070 no,

197 2096 287 2182 quod
302 2118 344 2160 ne
359 2096 523 2181 suspicari
537 2095 674 2181 quidem
689 2097 869 2179 potuerim,
883 2097 1002 2160 videar
1017 2097 1050 2160 id
1063 2097 1252 2183 cogitasse.

197 2214 242 2259 ⁴8.
266 2195 370 2260 Nunc
388 2217 573 2281 persequar
590 2207 715 2259 cetera.
750 2193 842 2258 Nam
859 2197 1006 2260 occurrit
1022 2197 1128 2261 illud:
1162 2197 1255 2284 ‘lgi-

145 2316 179 2355 20
197 2311 250 2361 tur
274 2318 316 2360 ne
341 2295 485 2361 Clodius
506 2295 644 2381 quidem
671 2295 713 2359 de
735 2295 867 2360 insidiis
892 2297 1066 2384 cogitavit,
1087 2299 1253 2383 quoniam

197 2397 259 2461 luit
290 2398 323 2460 in
355 2395 494 2460 Albano
519 2395 722 2459 mansurus.’
781 2394 819 2461 Si
850 2397 989 2483 quidem
1022 2397 1179 2464 exiturus
1213 2400 1255 2463 ad

197 2498 338 2562 caedem
368 2517 387 2560 e
414 2496 495 2560 villa
522 2517 589 2559 non
617 2495 747 2559 fuisset.
796 2493 909 2561 Video
937 2497 1028 2561 enim
1052 2498 1165 2572 illum,
1197 2498 1254 2586 qui

196 2599 328 2662 dicatur
351 2597 394 2662 de
411 2595 494 2682 Cyri
514 2606 619 2660 morte
639 2595 827 2672 nuntiasse,
846 2619 913 2662 non
931 2597 965 2662 id
982 2598 1173 2675 nuntiasse,
1193 2600 1255 2664 sed

197 2697 364 2762 Milonem
385 2696 673 2782 appropinquare.
723 2695 814 2760 Nam
832 2697 914 2784 quid
939 2698 982 2762 de
998 2696 1092 2786 Cyro
1117 2702 1255 2765 nuntia·

145 2810 176 2866 ²5
197 2813 258 2871 ret,
277 2819 377 2884 quem
396 2795 538 2862 Clodius
559 2796 673 2861 Roma
698 2797 917 2880 proficiscens
942 2798 1124 2885 reliquerat
1148 2802 1254 2866 mori-

196 2897 332 2963 entem?
376 2895 456 2962 Una
481 2897 542 2970 sui,
568 2891 805 2961 testamentum
833 2897 933 2962 simul
958 2899 1138 2986 obsignavi
1172 2923 1253 2966 cum

195 2999 339 3065 Clodio:
387 3009 625 3063 testamentum
653 3011 765 3061 autem
795 2999 910 3083 palam
935 2997 1075 3072 fecerat,
1094 3011 1127 3065 et
1151 3000 1252 3066 illum

169 3187 172 3191 .
196 3099 357 3164 heredem
378 3110 410 3162 et
437 3121 491 3163 me
519 3097 713 3183 scripserat.
764 3095 878 3184 Qem
912 3099 1019 3183 pridie
1040 3101 1124 3166 hora
1152 3103 1252 3166 tertia

196 3199 345 3262 animam
370 3197 541 3263 efflantem
566 3197 769 3284 reliquisset,
789 3219 866 3262 eum
893 3211 1062 3263 mortuum
1086 3202 1251 3285 postridie

144 3309 178 3362 30
196 3299 279 3364 hora
297 3297 430 3363 decima
448 3298 595 3384 denique
615 3298 646 3362 ei
669 3296 911 3363 nuntiabatur?

239 3418 317 3464 xrx.
343 3414 389 3461 49.
414 3398 507 3486 Age,
537 3398 579 3462 sit
614 3397 660 3462 ita
697 3397 837 3462 sactum.
901 3396 1005 3485 ‚Quae
1044 3419 1149 3466 cansa
1188 3421 1250 3466 cur

196 3498 345 3563 Romam
384 3495 603 3584 properaret?
641 3517 703 3561 cur
733 3498 768 3562 in
807 3509 941 3564 noctem
981 3521 1018 3565 se
1057 3497 1248 3566 coniceret?

195 3597 329 3684 Ecquid
354 3599 529 3662 adferebat
547 3597 784 3671 festinationis,
805 3598 897 3684 quod
917 3599 1017 3664 heres
1036 3599 1130 3665 erat?
1176 3599 1247 3664 Pri-

197 3719 303 3768 mum,
328 3707 400 3760 erat
422 3696 507 3759 nibil
530 3717 591 3759 cur
613 3710 793 3780 properato
813 3719 899 3783 opus
923 3712 1032 3764 esset:
1061 3701 1197 3774 deinde,
1218 3700 1245 3764 si

146 3801 179 3856 3⁵
196 3795 278 3879 quid
294 3805 396 3868 esset,
414 3794 496 3878 quid
521 3794 660 3858 tandem
688 3806 760 3859 erat
787 3797 878 3881 quod
904 3818 945 3861 ea
961 3809 1061 3864 nocte
1085 3799 1245 3886 consequi

197 3905 323 3979 posset,
350 3893 517 3957 amitteret
547 3904 661 3957 autem
694 3894 721 3958 si
754 3896 917 3979 postridie
955 3897 1105 3964 Romam
1146 3920 1246 3964 mane
