2668 4262
84 208 120 248 11·
137 195 182 265 3·]
271 196 421 264 Ct'cero’s
443 197 600 264 Portiton
625 197 700 262 and
720 196 1004 284 Responsr'bilr'ty.
1087 214 1150 279 123

84 409 214 483 patres
232 398 427 485 conscripti,
441 399 496 464 cui
513 421 581 464 non
595 398 719 473 sorum,
734 398 768 462 in
785 419 853 485 quo
869 398 980 462 omnis
998 399 1151 485 aequitas

85 498 304 575 continetur,
323 521 390 564 non
416 520 559 584 campus
585 499 822 563 consularibus
847 498 1010 582 auspiciis
1032 520 1152 564 conse-

85 610 228 672 cratuS,
255 620 323 664 non
349 599 457 673 curia,
485 620 657 664 summum
690 598 856 662 auxilium
885 599 1037 662 omnium
1067 620 1152 686 gen-

84 696 195 772 tium,
217 721 284 763 non
309 701 443 774 domus
463 719 644 764 commune
670 698 878 786 perfugium,
898 720 966 764 non
982 701 1090 764 lectus
1107 700 1152 763 ad

85 796 249 883 quietem
267 799 378 873 datus,
398 821 466 864 non
487 799 634 884 denique
661 799 747 863 haec
773 799 873 864 sedes
891 800 1027 864 honoris
1048 798 1151 887 [sella
1182 825 1197 878 5

85 897 246 985 curulis]
282 920 445 986 umquam
476 919 587 976 vacua
627 899 743 964 mortis
784 898 937 984 periculo
968 913 1069 986 atque
1101 899 1152 964 in-

85 998 195 1064 sidiis
227 999 299 1064 suit.
359 999 436 1088 Ego
467 1000 573 1065 multa
605 999 708 1074 tacui,
744 1001 849 1064 multa
878 1001 1013 1085 pertuli,
1044 1000 1150 1064 multa

85 1099 270 1175 concessi,
289 1101 394 1166 multa
421 1121 497 1164 meo
525 1101 675 1184 quodam
701 1100 819 1166 dolore
844 1100 879 1164 in
895 1114 1006 1168 vestro
1032 1101 1152 1166 timore

87 1199 233 1264 sanavi.
283 1199 388 1266 Nunc
411 1200 439 1265 si
465 1201 557 1264 hunc
580 1200 709 1264 exitum
734 1203 930 1266 consulatus
955 1201 1021 1266 mei
1039 1202 1073 1266 di
1090 1202 1152 1265 im·
1237 1197 1246 1216 ’

87 1300 263 1366 mortales
295 1322 370 1366 esse
394 1302 586 1375 voluerunt,
614 1311 651 1366 ut
674 1323 736 1366 vos
764 1304 996 1388 populumque
1022 1303 1152 1368 Roma·
1169 1330 1199 1364 10

88 1422 180 1464 num
200 1422 245 1464 ex
261 1402 368 1466 caede
397 1401 601 1474 miserrima,
619 1401 785 1489 conjuges
814 1403 1006 1489 liberosque
1023 1415 1152 1468 vestros

87 1500 321 1587 virginesque
338 1501 487 1566 Vestalis
505 1522 548 1566 ex
573 1501 793 1568 acerbissima
812 1503 1006 1579 vexatione,
1024 1504 1151 1588 templa

90 1613 201 1687 atque
228 1602 386 1675 delubra,
413 1602 504 1666 hanc
531 1602 797 1688 pulcherrimam
824 1603 970 1688 patriam
999 1605 1152 1668 omnium

89 1714 254 1766 nostrum
272 1723 315 1766 ex
332 1701 530 1768 foedissima
557 1702 710 1777 flamma,
729 1714 832 1768 totam
851 1703 984 1767 Italiam
1002 1727 1046 1768 ex
1064 1705 1153 1768 bello

91 1813 127 1866 et
140 1801 301 1867 vastitate
318 1802 500 1887 eriperem,
511 1823 752 1893 'quaecumque
770 1803 853 1868 mihi
870 1803 928 1868 uni
947 1817 1154 1889 proponetur
1169 1830 1198 1881 15

91 1901 249 1976 fortuna,
262 1903 435 1968 subeatur.
466 1902 601 1967 Etenim
616 1903 643 1968 si
658 1903 697 1967 P.
712 1903 881 1968 Lentulus
898 1926 998 1968 suum
1013 1925 1152 1980 nomen,

92 2001 260 2067 inductus
286 2004 478 2078 avaribus,
505 2003 607 2067 fatale
634 2005 678 2067 ad
704 2004 890 2089 perniciem
918 2005 966 2068 rei
992 2005 1153 2090 publicae

93 2101 171 2168 lore
189 2103 332 2189 putavit,
351 2125 412 2168 cur
428 2124 494 2190 ego
519 2124 587 2168 non
612 2104 717 2168 laeter
735 2125 848 2168 meum
875 2105 1089 2170 consulatum
1107 2106 1152 2171 ad

93 2205 247 2270 salutem
263 2205 380 2290 populi
397 2203 548 2268 Romani
568 2224 675 2288 prope
693 2202 831 2268 fatalem
849 2204 1040 2270 exstitisse?

142 2325 185 2370 11.
220 2318 249 2366 a.
282 2304 363 2389 Qua
389 2325 439 2380 re,
468 2315 582 2389 patres
613 2303 810 2388 conscripti,
844 2305 1010 2370 consulite
1042 2306 1198 2382 vobis,20

95 2406 285 2492 prospicite
302 2404 445 2490 patriae,
458 2416 657 2471 conservate
671 2425 744 2478 vos,
758 2404 937 2492 conjuges
950 2407 1074 2472 liberos
1088 2406 1155 2472 for-

95 2519 269 2594 tunasque
294 2517 437 2580 vestras,
463 2503 580 2591 populi
608 2504 760 2569 Romani
788 2527 914 2570 nomen
941 2507 1154 2593 salutemque

96 2608 294 2673 defendite:
321 2606 403 2670 mihi
431 2626 571 2690 parcere
598 2605 708 2670 aede
735 2626 790 2669 me
817 2607 969 2692 cogitare
995 2608 1150 2672 desinite.

97 2707 195 2773 Nam
221 2708 367 2793 primum
403 2706 512 2772 debeo
544 2726 682 2790 sperare
715 2705 826 2770 omnis
858 2706 954 2780 deos,
990 2708 1047 2792 qui
1074 2708 1154 2773 huic

96 2810 175 2874 urbi
194 2808 401 2894 praesident,
420 2829 481 2893 pro
507 2826 548 2871 eo
575 2805 658 2869 mihi
676 2826 718 2870 ac
741 2827 873 2871 mereor
896 2808 1060 2872 relaturos
1078 2829 1153 2874 esse
1167 2831 1197 2880 25

99 2910 269 2996 gratiam3
295 2908 432 2984 deinde,
451 2907 478 2972 si
495 2905 578 2993 quid
595 2906 766 2992 obtigerit,
787 2927 897 2993 aequo
914 2908 1029 2972 animo
1053 2929 1153 2993 para·

97 3019 202 3096 toque
234 3009 371 3074 moriar.
443 3006 536 3074 Nam
565 3027 676 3092 neque
709 3006 816 3092 turpis
849 3029 939 3072 mors
971 3007 1046 3073 forti
1079 3008 1153 3074 viro

99 3119 211 3193 potest
226 3110 396 3184 accidere,
414 3128 526 3194 neque
544 3107 726 3172 immatura
745 3107 930 3182 consulari,
946 3129 1009 3172 nec
1027 3109 1151 3174 misera

101 3209 258 3295 sapienti.
307 3208 384 3276 Nec
400 3219 514 3272 tamen
541 3229 607 3296 ego
634 3229 709 3272 sum
728 3207 785 3273 ille
803 3208 947 3288 ferreus,
965 3211 1023 3298 qui
1040 3208 1152 3274 fratris

102 3308 267 3376 carissimi
294 3320 395 3396 atque
421 3308 645 3372 amantissimi
678 3309 868 3394 praesentis
902 3329 1055 3374 maerore
1082 3331 1151 3374 non
1166 3332 1196 3381 30

102 3429 253 3485 movear,
272 3410 461 3495 horumque
478 3407 630 3472 omnium
648 3409 812 3484 lacrimis,
828 3431 847 3473 a
865 3409 988 3494 quibus
1017 3432 1070 3474 me
1088 3409 1152 3474 cir·

102 3529 311 3576 cumsessum
328 3508 461 3574 videtis.
488 3506 612 3595 Neque
629 3530 741 3573 meam
759 3522 907 3575 mentem
926 3531 993 3574 non
1011 3511 1151 3575 domum

103 3630 203 3695 saepe
221 3620 358 3674 revocat
373 3607 569 3672 exanimata
589 3631 689 3683 uxor,
707 3621 740 3675 et
756 3610 889 3698 abjecta
908 3623 999 3675 metu
1017 3611 1099 3684 lilia,
1118 3622 1151 3676 et

102 3710 261 3793 parvolus
276 3708 379 3781 filius,
394 3730 496 3794 quem
515 3707 597 3772 milri
614 3709 746 3773 videtur
763 3712 922 3796 amplecti
940 3734 994 3777 res
1012 3711 1149 3797 publica

103 3821 274 3896 tamquam
290 3809 444 3874 obsidem
467 3809 663 3874 consulatus
690 3809 770 3884 mei,
789 3832 900 3897 neque
924 3811 994 3887 ille,
1014 3813 1071 3900 qui
1090 3834 1149 3876 ex·
1167 3832 1198 3882 35

104 3922 260 3996 spectans
287 3908 388 3998 hujus
415 3907 545 3975 exitum
573 3908 640 3974 diei
668 3909 780 3974 adstat
800 3910 836 3976 in
861 3926 1045 3998 conspectu
1071 3934 1149 3977 meo
