2668 4262
61 243 109 283 κη.
131 232 189 302 31.]
295 234 406 302 Fame
427 237 485 302 ,tte
509 237 644 318 Motebc
667 241 715 325 os
741 238 873 307 Virlue.
1049 259 1109 326 145

59 435 124 498 boc
147 445 218 498 tam
245 436 371 523 exiguo
395 437 484 505 vitae
509 437 754 526 curriculo,[et
776 451 848 504 tam
874 441 986 528 brevi]
1011 440 1112 506 tantis

58 556 118 598 nos
136 533 170 598 in
183 535 633 624 laboribusexerceamus?
679 558 727 606 ae.
751 539 853 606 Certe
878 539 905 606 si
931 541 1015 604 nihil
1039 540 1112 604 ani*

57 656 131 710 mus
154 637 380 720 praesentiret
398 639 432 701 in
454 652 641 722 posterum,
662 654 696 708 et
715 643 743 706 si
767 641 890 727 quibus
915 641 1112 727 regionibus

55 736 144 800 vitae
171 737 321 821 spatium
340 738 633 824 circumscriptum
651 753 713 816 est,
733 741 863 806 eisdem
883 741 994 805 omnis
1017 739 1112 826 cogi-

55 838 201 902 tationes
227 838 425 904 terminaret
444 861 549 910 suas:
579 862 643 906 nec
659 843 761 908 tantis
777 865 814 906 se
831 841 1007 906 laboribus
1021 841 1112 906 fram
1144 871 1157 923 ς

55 948 164 1021 geret,
184 959 299 1024 neque
315 950 362 1006 tot
378 938 469 1005 curis
485 939 681 1027 vigiliisque
699 953 895 1030 angeretur,
909 960 975 1006 nec
990 941 1112 1006 totiens

55 1037 96 1099 de
127 1037 207 1122 ipsa
236 1038 305 1110 vita
337 1039 527 1108 dimicaret.
588 1037 694 1106 Nunc
724 1041 850 1107 insidet
880 1041 1051 1127 quaedam
1076 1039 1111 1104 in

54 1136 191 1220 optimo.
217 1160 355 1226 quoque
384 1140 504 1214 virtus,
530 1161 620 1226 quae
651 1142 759 1208 noctis
791 1161 833 1206 ac
860 1141 933 1206 dies
960 1139 1112 1204 animum

54 1237 187 1322 gloriae
205 1238 351 1305 stimulis
368 1240 527 1316 concitat,
543 1253 645 1327 atque
663 1242 825 1308 admonet
840 1263 908 1305 non
926 1261 1004 1304 cum
1021 1239 1112 1304 vitae

54 1349 209 1422 tempore
224 1356 304 1415 ‚esse
320 1340 557 1408 dimittendam
581 1341 942 1410 commemorationem
964 1338 1112 1406 nominis
1130 1369 1159 1406 ιο

55 1439 173 1513 nostri,
192 1440 256 1504 sed
273 1441 462 1508 cumomni
485 1441 681 1526 posteritate
698 1441 974 1527 adaequandam.

98 1557 166 1614 ΧΠ.
204 1557 254 1604 so.
289 1539 347 1606 An
371 1563 453 1606 vero
480 1553 549 1610 tam
581 1542 678 1628 parvi
704 1541 809 1612 animi
834 1541 1013 1606 videamur
1036 1561 1112 1606 esse

55 1635 188 1714 omnes,
207 1641 268 1727 qui
292 1641 326 1704 in
351 1662 387 1706 re
412 1642 549 1726 publica
576 1653 678 1728 atque
701 1641 736 1707 in
761 1641 820 1733 his
836 1641 926 1706 vitae
950 1640 1111 1726 periculis

56 1736 301 1826 laboribusque
324 1763 514 1817 versamur,
541 1753 589 1817 ut,
611 1764 689 1808 cum
713 1763 821 1829 usque
850 1743 894 1807 ad
920 1753 1110 1806 extremum

56 1839 205 1921 spatium
239 1841 369 1905 nullum
402 1842 623 1928 tranquillum
652 1856 754 1930 atque
781 1843 927 1912 otiosum
956 1841 1110 1927 spiritum
1129 1869 1158 1920 ις

56 1937 271 2016 duxerimus,
297 1941 475 2006 nobiscum
507 1942 608 2007 simul
642 1944 805 2008 moritura
831 1942 947 2008 omnia
972 1941 1112 2006 arbitre-

56 2037 151 2104 mur?
199 2039 259 2104 An
284 2053 411 2106 statuas
436 2054 469 2106 et
491 2041 675 2130 imagines,
697 2065 765 2108 non
791 2042 982 2107 animorum
1007 2040 1111 2106 simu·

57 2136 147 2202 lacra
172 2142 237 2206 sed
269 2162 463 2226 corporum,
490 2143 640 2208 studiose
669 2143 765 2207 multi
797 2142 921 2206 summi
954 2141 1110 2206 homines

56 2239 287 2325 reliquerunt;
317 2241 536 2306 consiliorum
565 2242 757 2329 relinquere
782 2263 824 2308 ac
847 2241 1008 2307 virtutum
1032 2262 1111 2306 nos·

57 2346 182 2404 trarum
203 2341 352 2428 effigiem
378 2363 492 2406 nonne
510 2343 616 2407 multo
642 2343 745 2407 malle
769 2343 948 2417 debemus,
966 2341 1110 2406 summis
1127 2369 1156 2404 20

56 2434 206 2524 ingeniis
223 2462 423 2526 expressam
441 2453 474 2506 et
489 2441 653 2527 politam?
696 2441 774 2529 Ego
791 2464 871 2508 vero
888 2441 1003 2507 omnia
1020 2462 1109 2528 quae

58 2541 235 2620 gerebam,
250 2540 406 2629 jamtum
425 2541 458 2604 in
477 2542 629 2628 gerendo
646 2563 812 2630 spargere
829 2565 884 2607 me
901 2564 942 2606 ac
954 2541 1109 2608 dissemi-

58 2655 138 2703 nare
153 2640 343 2705 arbitrabar
355 2639 389 2705 in
402 2640 493 2706 orbis
506 2652 615 2706 terrae
633 2641 833 2707 memoriam
851 2642 1104 2727 sempiternam.
1196 2702 1199 2706 .

60 2733 157 2805 Haec
172 2763 256 2806 vero
283 2741 355 2805 sive
373 2761 392 2804 a
410 2762 486 2805 meo
503 2763 606 2806 sensu
630 2753 865 2827 postmortem
891 2741 1025 2806 afutura
1042 2753 1106 2816 est,

59 2835 232 2904 sive—ut
255 2841 494 2925 sapientissimi
520 2841 676 2908 homines
704 2843 1018 2928 putaverunt-ad
1046 2843 1108 2906 ali·
1125 2868 1154 2918 ²5

59 2957 160 3020 quarn
186 2940 252 3004 mei
277 2951 407 3026 partem
431 2941 622 3026 pertinebit,
642 2965 734 3008 nunc
749 2943 889 3030 quidem
906 2954 996 3008 certe
1013 2943 1108 3030 cogi.

58 3037 184 3104 tatione
207 3041 355 3126 quadam
380 3063 509 3128 speque
529 3043 690 3108 delector.

102 3154 144 3202 ar.
178 3139 258 3226 Qa
285 3163 322 3206 re
350 3153 563 3218 conservate,
592 3142 741 3230 judiceS,
771 3143 943 3210 hominem
976 3144 1106 3229 pudore

63 3255 112 3312 eo,
130 3262 232 3327 quem
258 3241 445 3306 amicorum
462 3242 583 3307 videtis
601 3245 815 3328 comprobari
839 3266 918 3310 cum
940 3244 1105 3330 dignitate

62 3347 128 3404 tum
146 3341 246 3405 etiam
264 3352 449 3416 vetustate3
471 3341 610 3429 ingenio
635 3355 747 3407 autem
765 3355 871 3419 tanto,
890 3355 1052 3431 quantum
1070 3345 1104 3408 id
1122 3368 1154 3418 30

62 3441 216 3505 convenit
239 3441 438 3526 existimari,
456 3442 548 3527 quod
572 3464 782 3508 summorum
808 3445 984 3508 hominum
1008 3444 1105 3532 inge,

64 3535 124 3602 niis
151 3541 334 3625 expetitum
364 3563 439 3606 esse
463 3541 626 3615 videatis;
659 3563 763 3606 causa
787 3565 869 3607 vero
897 3544 970 3632 ejus
999 3545 1103 3615 modi,

64 3654 146 3718 quae
170 3640 336 3705 beneficio
360 3641 461 3727 legis,
488 3641 686 3705 auctoritate
711 3642 887 3728 municipi,
912 3644 1104 3709 testimonio

65 3730 208 3816 Luculli,
227 3741 349 3806 tabulis
374 3740 505 3805 Metelli
531 3742 780 3826 comprobetur.
832 3742 933 3829 Qae
958 3766 1035 3808 cum
1059 3745 1104 3816 ita

65 3834 135 3916 sint,
162 3841 307 3927 petimus
333 3861 351 3904 a
375 3841 484 3910 vobis,
507 3840 653 3928 judices,
669 3841 695 3906 si
721 3863 787 3926 qua
816 3864 884 3907 non
914 3845 1014 3909 modo
1043 3847 1101 3908 hu·
1122 3870 1153 3921 35

67 3955 172 4019 mana,
197 3962 316 4006 verum
348 3940 450 4006 etiam
482 3941 597 4004 divina
629 3940 663 4003 in
695 3941 796 4006 tantis
830 3942 979 4029 ingeniis
1011 3964 1103 4008 com·

565 4063 596 4099 10
