2716 4266
84 209 171 252 ¹111>ss
187 196 246 265 79·]
290 196 382 263 Milo
405 197 516 283 might
539 196 622 260 well
640 196 729 261 have
751 197 841 261 slar'n
864 197 948 264 him.
1084 216 1150 286 199

81 402 194 462 ferret
216 397 355 462 civitas!
403 397 509 462 Nunc
535 397 627 462 enim
654 398 730 484 quis
758 398 890 485 estqui
918 421 988 465 non
1014 399 1145 486 probet,

81 498 143 583 qui
162 520 233 563 non
252 499 379 571 laudet,
399 497 455 584 qui
481 519 549 562 non
575 520 682 570 unum
711 511 787 583 post
813 499 990 564 hominum
1019 521 1148 564 memo-

82 599 174 662 riam
217 599 260 662 T.
296 598 451 662 Annium
484 599 669 683 plurimum
702 599 750 662 rei
778 600 937 685 publicae
965 601 1145 685 profuisse,

82 699 242 762 maxima
261 698 387 763 laetitia
406 701 571 783 populum
588 699 800 774 Romanurn,
818 713 977 765 cunctam
998 700 1146 775 Italiam,

81 799 246 863 nationes
277 799 389 863 omnis
418 798 586 863 adfecisse
617 812 651 865 et
682 800 772 865 dicat
803 812 836 866 et
869 800 1012 866 sentiat?
1066 801 1181 890 Non5

80 919 176 983 queo
205 912 320 964 vetera
348 899 407 963 illa
424 900 541 984 populi
559 899 709 965 Romani
727 901 853 988 gaudia
870 915 998 988 quanta
1023 902 1148 968 suerint

80 999 264 1083 judicare:
291 1000 415 1064 multas
432 1013 547 1065 tamen
567 1001 641 1088 jam
668 1023 878 1067 summorum
903 1003 1147 1087 imperatorum

79 1100 300 1164 clarissimas
325 1101 485 1165 victorias
501 1113 596 1165 aetas
624 1113 739 1166 nostra
767 1101 862 1176 vidit,
881 1124 1026 1188 quarum
1053 1103 1147 1168 nulla
1205 1129 1208 1132 ·

80 1221 201 1286 neque
239 1213 310 1265 tam
341 1201 536 1266 diuturnam
574 1202 683 1266 attulit
714 1201 876 1266 laetitiam
908 1223 972 1268 nec
1002 1215 1144 1268 tantam.

78 1317 127 1364 ro.
145 1300 318 1366 Mandate
337 1301 404 1366 hoc
420 1301 618 1376 memoriae,
633 1301 781 1388 judices.
830 1302 940 1388 Spero
957 1305 1062 1369 multa
1086 1324 1147 1369 vos
1167 1345 1200 1386 ,ο

80 1403 282 1488 liberosque
298 1414 428 1466 vestros
445 1401 479 1464 in
498 1402 688 1486 republica
712 1403 802 1467 bona
826 1424 902 1468 esse
926 1404 1079 1468 visuros:
1111 1405 1147 1468 in

80 1503 134 1566 eis
164 1501 312 1588 singulis
340 1501 387 1566 ita
411 1521 548 1585 semper
574 1502 823 1577 existimabitis,
852 1503 930 1568 vivo
954 1502 995 1567 Ρ.
1023 1502 1146 1569 Clodio

81 1603 173 1666 nihil
201 1624 320 1666 eorum
345 1623 407 1666 vos
431 1601 564 1666 visuros
589 1602 705 1667 fuisse.
754 1602 795 1666 In
821 1623 917 1688 spem
943 1605 1143 1680 maximam,

82 1715 117 1766 et
142 1703 338 1790 (quemad
363 1703 503 1765 modurn
529 1702 682 1788 confido)
699 1703 918 1767 verissimam
944 1725 1061 1768 sumus
1086 1705 1146 1768 ad·

82 1804 194 1878 ducti,
214 1804 307 1868 hunc
323 1803 437 1886 ipsum
454 1822 596 1876 annum,
617 1802 682 1866 hoc
706 1801 781 1886 ipso
807 1824 941 1868 summo
966 1803 1039 1868 viro
1064 1824 1146 1868 con·
1166 1839 1198 1892 15

83 1905 175 1978 sule,
189 1923 388 1988 compressa
405 1903 581 1966 hominum
600 1901 748 1975 licentia,
761 1902 1001 1987 cupiditatibus
1014 1903 1142 1978 fractis,

83 2004 223 2090 legibus
247 2015 281 2068 et
308 2002 447 2090 judiciis
475 2002 677 2075 constitutis,
699 2003 883 2066 salutarem
908 2002 1033 2067 civitati
1057 2003 1141 2068 sore.

83 2101 185 2168 Num
211 2103 286 2189 quis
313 2115 363 2168 est
387 2102 492 2189 igitur
515 2114 585 2168 tam
609 2103 764 2176 demens,
789 2103 848 2188 qui
872 2103 937 2167 hoc
958 2102 999 2167 Ρ.
1021 2101 1145 2168 Clodio

83 2203 166 2270 vivo
193 2203 393 2290 contingere
419 2201 569 2286 potuisse
594 2201 795 2266 arbitretur?
843 2195 960 2285 Quid?
991 2223 1032 2267 ea
1056 2225 1145 2288 quae

83 2303 222 2378 tenetis,
242 2304 373 2388 privata
391 2314 493 2388 atque
510 2313 635 2376 vestra,
651 2302 848 2366 dominante
864 2302 1001 2368 homine
1017 2303 1145 2368 furioso
1164 2331 1199 2370 20

85 2405 181 2488 quod
201 2404 258 2491 jus
275 2417 460 2489 perpetuae
478 2402 703 2486 possessionis
720 2403 848 2467 habere
865 2403 1074 2488 potuissent?

130 2524 238 2570 xxrx.
264 2503 358 2577 Non,
386 2503 502 2576 timeo,
532 2501 679 2589 judices,
705 2523 749 2566 ne
782 2504 861 2568 odio
892 2504 1145 2569 inimicitiarum

86 2625 244 2669 mearum
272 2602 503 2692 inflammatus
528 2601 687 2666 libentius
712 2603 798 2666 haec
813 2603 849 2667 in
865 2604 962 2668 illum
986 2625 1145 2668 evomere

85 2706 207 2770 videar
230 2725 334 2790 quam
357 2702 484 2766 verius,
535 2701 672 2766 Etenim
696 2703 724 2767 si
749 2705 972 2790 praecipuum
995 2726 1070 2770 esse
1086 2706 1141 2769 de

85 2803 203 2878 bebat‚
232 2817 346 2867 tamen
374 2803 419 2868 ita
449 2802 642 2868 communis
664 2815 737 2868 erat
761 2805 913 2870 omnium
939 2807 996 2870 ille
1025 2807 1143 2881 hostis,
1164 2825 1197 2878 ²5

86 2916 124 2968 ut
140 2905 174 2968 in
192 2903 366 2970 communi
383 2903 462 2968 odio
480 2923 591 2988 paene
609 2904 796 2989 aequaliter
814 2919 1006 2970 versaretur
1028 2907 1145 2971 odium

86 3025 217 3068 meum.
275 3001 356 3067 Non
389 3017 498 3087 potest
529 3002 596 3068 dici
625 3004 720 3079 satis,
749 3027 793 3070 ne
821 3007 963 3094 cogitari
991 3007 1143 3094 quidem,

87 3115 254 3188 quantum
271 3102 306 3166 in
323 3103 382 3168 ilio
399 3104 551 3176 sceleris,
571 3118 735 3190 quantum
753 3105 835 3171 exiti
854 3107 965 3173 fuerit.
990 3125 1035 3172 ra.
1050 3108 1144 3196 Qin

88 3203 139 3269 sic
158 3203 331 3276 attendite,
350 3203 494 3291 judices.
555 3203 695 3291 Nempe
722 3201 807 3268 haec
834 3217 885 3272 est
914 3207 1071 3294 quaestio
1102 3209 1145 3274 de

88 3302 223 3368 interitu
240 3302 280 3367 Ρ.
301 3302 414 3370 Clodi.
464 3304 602 3393 Fingite
619 3303 935 3372 animis—liberae
952 3319 1031 3373 sunt
1053 3307 1143 3372 enim
1162 3323 1198 3378 30

89 3416 224 3470 nostrae
256 3403 493 3490 cogitationes,
522 3418 555 3471 et
585 3427 674 3493 quae
702 3407 820 3471 volunt
843 3406 893 3471 sie
916 3407 1087 3472 intuentur
1109 3418 1147 3471 ut

90 3523 131 3568 ea
162 3505 334 3570 cernimus
366 3526 455 3592 quae
487 3506 835 3593 videmus-fingite
874 3507 978 3594 igitur
1017 3508 1146 3595 cogita-

90 3605 179 3670 tione
210 3604 399 3692 imaginem
439 3606 540 3693 bujus
572 3606 782 3671 condicionis
815 3627 924 3681 meae,
958 3607 986 3672 si
1018 3610 1145 3692 possim

91 3705 225 3772 efficere
251 3716 287 3770 ut
313 3704 481 3770 Milonem
509 3705 706 3778 absolvatis,
725 3706 787 3770 sed
811 3705 870 3779 ita,
889 3707 917 3770 si
943 3705 983 3770 P.
1003 3705 1145 3774 Clodius

91 3805 262 3870 revixerit.
313 3803 409 3890 Quid
425 3806 518 3870 voltu
539 3803 765 3870 extimuistis?
788 3827 938 3891 quonam
963 3807 1065 3871 modo
1088 3807 1146 3872 ille
1161 3816 1195 3871 35

91 3926 151 3972 vos
164 3906 262 3970 vivus
275 3905 451 3978 adficeret,
464 3926 551 3991 quos
568 3915 720 3970 mortuus
737 3905 831 3970 inani
849 3905 1053 3992 cogitatione
1070 3927 1146 3990 per·
