2668 4262
59 197 206 270 xvr1.38.]
257 198 403 288 Appeal
422 208 455 265 lo
492 199 649 266 Violence
672 201 748 266 and
775 200 920 268 Terror.
1051 219 1113 288 153

56 399 219 475 caedem,
232 400 276 466 ad
289 401 512 485 direptionem
530 401 762 466 incitarentur.
794 401 976 488 Isdemque
991 423 1114 468 consu·

55 499 146 570 libus
160 523 258 565 arma
272 502 306 564 in
320 503 484 586 templum
495 500 649 567 Castoris
663 502 777 588 palam
792 506 1093 588 comportabantur
1106 529 1114 580 ;

55 601 189 686 gradus
219 601 371 688 ejusdem
400 601 518 686 templi
546 603 772 676 tollebantur;
806 603 927 680 armati
958 605 1115 670 homines

56 699 170 764 forum
199 712 233 765 et
258 701 433 766 contiones
460 702 641 776 tenebant3
667 702 793 766 caedes
820 703 1114 790 lapidationesque

55 799 199 864 fiebant.
249 800 376 866 Nullus
398 798 646 875 erat‘senatus,
671 801 756 864 nihil
785 804 906 890 reliqui
936 806 1151 892 magistra-5

54 909 129 971 tus;
156 921 248 964 unus
270 922 407 966 omnem
429 901 582 966 omnium
608 912 810 985 potestatem
834 905 937 970 armis
962 918 995 969 et
1015 906 1115 970 latro·

54 998 156 1064 ciniis
174 1000 384 1084 possidebat,
403 1023 471 1066 non
489 1000 602 1086 aliqua
620 1001 654 1064 vi
671 1023 747 1078 sua,
766 1004 827 1068 sed
844 1025 923 1069 cum
950 1005 1018 1069 duo
1035 1027 1116 1070 con·

54 1098 149 1164 sules
179 1121 200 1164 a
226 1123 262 1164 re
291 1101 426 1185 publica
456 1101 710 1185 provinciarum
740 1104 877 1169 foedere
905 1106 1113 1180 retraxisset,

54 1196 257 1273 insultabat,
273 1193 525 1274 dominabatur,
546 1199 641 1287 [aliis
655 1204 912 1292 pollicebatur,]
930 1217 1056 1269 terrore
1074 1226 1115 1270 ac

54 1310 148 1362 metu
176 1301 313 1372 inultos,
332 1301 440 1384 pluris
465 1301 567 1364 etiam
593 1323 653 1388 spe
676 1316 708 1384 et
726 1304 901 1388 promissis
918 1306 1065 1370 tenebat.
1138 1344 1170 1382 10

99 1415 142 1462 14.
161 1398 266 1486 Quae
282 1421 361 1464 cum
379 1414 492 1468 essent
506 1401 579 1489 ejus
593 1404 697 1476 modi,
709 1404 856 1490 jndices,
869 1443 914 1454 -
925 1426 1001 1469 cum
1017 1427 1116 1470 sena-

53 1509 107 1564 tus
127 1500 239 1566 duces
260 1501 370 1566 nullos
391 1522 432 1566 ac
452 1523 515 1586 pro
539 1503 683 1567 ducibus
708 1504 897 1587 proditores
923 1518 979 1567 aut
1003 1505 1115 1589 potius

55 1613 195 1682 apertos
225 1600 330 1665 hostis
354 1602 507 1675 haberet,
532 1616 689 1688 equester
716 1603 799 1670 ordo
824 1626 902 1667 reus
925 1625 945 1667 a
967 1605 1115 1668 consuli·

54 1699 118 1764 bus
136 1702 313 1776 citaretur,
332 1701 451 1766 Italiae
468 1703 568 1768 totius
586 1704 768 1769 auctoritas
788 1704 1037 1788 repudiaretur,
1057 1705 1114 1786 alii

55 1801 260 1868 nominatim
290 1802 620 1890 relegarentumalii
654 1816 744 1882 metu
772 1816 807 1868 et
832 1805 984 1888 periculo
1009 1815 1167 1892 terre-15

55 1914 186 1978 rentur,
207 1923 303 1968 arma
329 1916 444 1968 essent
467 1904 501 1967 in
525 1903 674 1988 templiS,
694 1904 827 1968 armati·
840 1905 875 1968 in
899 1904 985 1979 soro,
1005 1925 1113 1991 eaque

55 2021 123 2068 non
150 2003 287 2070 silentio
312 2005 491 2070 consulum
517 2004 826 2078 dissimularentur,
845 2005 907 2069 sed
931 2016 964 2069 et
979 2025 1064 2069 voce
1081 2016 1114 2070 et

56 2105 227 2172 sententia
244 2105 561 2189 comprobarentur,
581 2125 658 2168 curn
675 2126 795 2170 omnes
816 2106 935 2170 urbem
960 2106 1113 2170 nondum

56 2205 212 2270 excisam
240 2218 273 2270 et
297 2225 466 2281 eversam,
493 2205 554 2270 sed
582 2205 656 2293 jam
685 2216 820 2290 captam
847 2217 948 2291 atque
971 2226 1113 2290 oppres·
1169 2291 1172 2294 s

57 2323 131 2370 sam
147 2306 541 2380 videremus-tamen
567 2305 621 2370 his
644 2305 745 2370 tantis
770 2305 869 2370 malis
891 2316 984 2370 tanto
1008 2305 1114 2370 bono·
1135 2327 1169 2366 20

55 2424 129 2468 rum
157 2406 283 2480 studi0,
305 2405 452 2493 judices,
471 2405 733 2477 restitissemus:
760 2405 819 2470 sed
845 2427 900 2469 me
921 2405 978 2470 alii
1003 2417 1112 2470 metus

57 2514 158 2590 atque
184 2505 274 2570 aliae
306 2525 410 2573 curae
434 2505 707 2592 suspitionesque
737 2517 927 2570 moverunt.
977 2525 1017 2571 15.
1041 2505 1112 2570 Ex·

57 2624 184 2686 ponam
211 2606 301 2669 enim
331 2605 496 2673 hodierno
522 2605 591 2680 die,
616 2605 766 2693 judices,
783 2627 921 2669 omnem
945 2605 1111 2670 rationem

57 2700 135 2770 lacti
164 2718 199 2772 et
225 2705 345 2772 consili
374 2705 454 2781 mei,
486 2727 597 2793 neque
629 2707 710 2770 huic
738 2717 850 2770 vestro
878 2718 971 2770 tanto
999 2707 1109 2770 studio

57 2806 219 2873 audiendi
237 2827 302 2871 nec
318 2827 398 2870 vero
421 2805 501 2870 huic
518 2817 630 2870 tantae
649 2805 868 2879 multitudini,
887 2818 1014 2891 quanta
1033 2828 1108 2870 mea
1133 2819 1165 2876 25

58 2907 223 2972 memoria
241 2925 437 2992 ¹numquam
461 2906 531 2970 ullo
548 2905 583 2970 in
609 2905 739 2994 judicio
756 2905 830 2979 tuit,
849 2905 964 2970 deero.
1014 2904 1108 2968 Nam

56 3004 84 3066 si
102 3005 390 3092 ego--in'causa
406 3017 477 3070 tam
494 3006 598 3079 bona,
617 3016 710 3069 tanto
727 3004 838 3070 studio
858 3016 1009 3079 senatus,
1029 3026 1110 3069 con·

58 3123 160 3170 sensu
185 3117 254 3170 tam
281 3105 472 3170 incredibili
501 3106 669 3170 bonorum
694 3105 860 3192 omnium,
880 3116 949 3170 tarn
976 3117 1107 3189 parato,

57 3213 124 3268 tota
144 3205 291 3292 denique
318 3205 415 3272 Italia
441 3206 484 3270 ad
508 3227 645 3270 omnem
671 3205 921 3270 contentionem
948 3205 1108 3290 expedita

57 3305 200 3374 -cessi
225 3305 349 3378 tribuni
374 3305 497 3390 plebis,
519 3305 781 3390 despicatissimi
806 3305 967 3381 hominis,
987 3307 1106 3382 furori,
1132 3311 1166 3364 30

60 3406 422 3490 contemptissimorum
447 3406 625 3470 consulum
656 3404 826 3469 levitatem
858 3406 1108 3491 audaciamque

61 3505 226 3584 pertimui,
245 3505 388 3590 nimium
414 3527 468 3570 me
492 3504 661 3579 timidum,
680 3504 808 3570 nullius
833 3505 953 3580 animi,
979 3507 1108 3570 nullius

61 3605 176 3670 consili
201 3606 305 3670 suisse
326 3605 500 3669 confiteor.

103 3721 142 3768 ro.
165 3704 248 3770 Erat
262 3719 377 3769 autem
396 3704 479 3768 mihi
497 3703 666 3768 contentio
683 3725 751 3768 non
770 3726 847 3769 curn
865 3706 992 3770 victore
1010 3727 1108 3770 exer-

62 3802 137 3880 citu,
149 3807 210 3870 sed
227 3825 305 3871 curn
319 3804 431 3890 operis
445 3803 622 3869 conductis
635 3813 668 3868 et
680 3805 725 3869 ad
741 3805 969 3890 diripiendam
988 3806 1107 3870 urbem
1130 3803 1162 3858 35

63 3906 244 3975 concitatis·
294 3904 476 3972 Habebam
502 3903 679 3968 inimicum
704 3926 773 3970 non
796 3903 839 3970 C.
859 3905 1024 3982 Marium,
1042 3917 1107 3970 ter·
