2716 4266
72 197 115 238 x·
132 185 187 256 28·]
280 185 351 252 Tte
379 184 522 252 Consuls
547 183 666 252 Pansa
690 186 764 252 and
784 185 941 252 Hirtius.
1071 201 1133 276 245

71 387 145 452 sed
177 399 281 452 etiam
309 407 330 452 a
358 386 519 452 membris
551 397 584 452 et
614 387 803 454 visceribus
831 385 963 452 avertit.
1022 386 1135 454 Unius

71 501 199 554 autem
232 487 298 552 diei
330 499 412 574 quot
433 499 466 552 et
492 499 640 573 quantae
672 488 826 560 virtutes,
843 487 877 552 di
910 488 1136 565 immortales,

72 586 241 671 suerunt!
287 605 334 652 aa.
374 585 539 671 Princeps
571 587 661 652 enirn
695 587 847 651 omnium
880 586 995 652 Pansa
1027 589 1134 674 proeli

73 687 234 752 faciendi
258 700 291 754 et
313 709 391 753 cum
412 685 564 752 Antonio
580 686 789 774 confligendi
806 686 888 752 suit:
921 688 1048 774 dignus
1073 688 1135 752 im·

72 800 220 874 perator
236 788 373 876 legione
390 786 529 862 Martia,
544 787 651 874 digna
668 786 759 872 legio
776 786 991 872 imperatore.
1027 787 1136 875 Cujus
1155 804 1170 860 5

74 889 333 954 siacerrimum
360 888 523 974 impetum
549 887 708 952 cohibere
734 885 847 952 Pansa
872 888 1048 971 potuisset,
1067 910 1135 952 uno

76 988 216 1076 proelio
241 989 395 1076 conserta
420 1010 474 1056 res
500 999 599 1054 esset.
647 986 720 1056 Sed
744 1007 822 1054 cum
847 986 1010 1054 libertatis
1034 988 1135 1052 avida

75 1090 177 1179 legio
190 1089 388 1156 effrenatius
399 1090 435 1156 in
447 1089 556 1162 aciem
571 1088 719 1154 hostium
733 1087 927 1173 inrupisset,
942 1087 1083 1174 ipseque
1100 1088 1136 1153 in

77 1192 204 1278 primis
228 1186 343 1258 Pansa
367 1190 702 1280 pugnaret„duobus
723 1187 923 1274 periculosis
941 1188 1136 1256 volneribus

77 1292 249 1378 acceptis,
268 1293 422 1360 sublatus
446 1314 465 1358 e
485 1291 627 1377 proelio,
647 1290 694 1356 rei
720 1289 878 1375 publicae
898 1288 1002 1354 vitam
1028 1310 1137 1354 reser·
1159 1312 1190 1352 ιο

77 1395 185 1458 vavit.
235 1393 313 1482 Ego
340 1414 422 1460 vero
454 1393 547 1460 bunc
574 1414 641 1461 non
667 1393 778 1458 solum
802 1391 1043 1476 imperatorem
1075 1391 1136 1456 sed

77 1495 188 1560 etiam
213 1494 440 1568 clarissimum
468 1493 708 1579 imperatorem
728 1491 858 1580 judico,
880 1491 952 1578 qui,
971 1512 1049 1558 cum
1078 1503 1137 1558 aut

78 1609 193 1670 morte
211 1606 276 1672 ,aut
299 1595 440 1662 victoria
459 1616 496 1660 se
520 1593 786 1660 satisfacturum
806 1591 855 1658 rei
879 1592 1038 1677 publicae
1057 1615 1136 1678 spo·

78 1695 274 1782 pondisset,
298 1696 442 1760 alterum
467 1694 559 1770 fecit,
579 1693 716 1759 alterius
741 1693 776 1759 di
801 1693 1010 1762 immortales
1033 1715 1136 1762 omen

79 1793 260 1862 avertantl
1158 1801 1188 1858 ¹⁵

129 1917 169 1960 x.
198 1913 253 1960 ar..
280 1893 376 1981 Quid
416 1894 528 1961 dicam
561 1893 605 1960 de
642 1891 786 1960 Hirtio?
828 1895 899 1981 qui,
933 1916 970 1961 re
1005 1896 1134 1972 audita,

80 2018 102 2061 e
124 1997 245 2060 castris
265 1997 350 2062 duas
372 1995 527 2080 legiones.
545 1995 662 2070 eduxit
683 1991 875 2060 incredibili
899 1995 1010 2062 studio
1035 2010 1136 2084 atque

79 2097 229 2169 virtute;
252 2109 408 2183 quartam
432 2096 538 2170 illam,
557 2116 646 2181 quae
672 2095 789 2160 relicto
815 2094 967 2163 Antonio
992 2097 1136 2168 seolim

83 2218 166 2262 cum
194 2195 320 2262 Martia
353 2195 489 2282 legione
522 2195 711 2283 conjunxit,
741 2207 774 2260 et
805 2197 998 2282 septimam,
1032 2219 1137 2284 quae,

83 2295 267 2362 constituta
293 2318 339 2362 ex
365 2296 548 2372 veteranis,
576 2295 690 2372 docuit
720 2295 785 2374 boc
813 2297 943 2381 proelio
975 2298 1137 2365 militibus
1155 2297 1190 2338 ²⁰

84 2397 136 2461 eis
148 2397 206 2482 qui
220 2395 384 2462 Caesaris
392 2395 566 2462 beneficia
579 2408 784 2471 servassent,
799 2410 938 2464 senatus
951 2400 1136 2487 populique

84 2493 239 2562 Romani
263 2515 380 2560 carum
404 2516 528 2560 nomen
554 2517 641 2562 esse.
691 2495 758 2560 His
781 2497 901 2584 viginti
926 2500 1136 2574 cohortibus,

84 2597 181 2660 nullo
204 2596 366 2682 equitatu,
387 2595 519 2672 Hirtius
544 2595 622 2680 ipse¹
645 2597 797 2682 aquilam
823 2611 965 2685 quartae
991 2601 1137 2688 legionis

85 2717 165 2760 cum
190 2693 435 2782 insertamque
460 2696 586 2778 nullius
611 2697 814 2782 pulcriorem
846 2700 997 2784 speciem
1030 2701 1138 2787 impe·

85 2797 208 2862 satoris
228 2795 437 2881 accepimus,
456 2817 534 2873 cum
554 2797 660 2862 tribus
676 2796 806 2864 Antoni
828 2799 1024 2888 legionibus
1044 2803 1137 2889 equi-
1155 2801 1188 2856 ²5

85 2907 224 2982 tatuque
241 2895 406 2971 conflixit,
425 2889 777 2984 hostisquenefarios,
796 2900 876 2968 huic
895 2902 991 2988 Jovis
1008 2903 1137 2990 Optimi

86 2995 236 3063 Maximi
253 2997 441 3084 ceterisque
457 2998 598 3068 deorum
616 3000 858 3068 immortalium
875 3005 1024 3092 templis,
1043 3006 1137 3073 urbis

85 3095 195 3170 tectis,
214 3096 358 3162 libertati
376 3099 493 3183 populi
510 3098 674 3176 Romani,
694 3114 829 3168 nostrae
846 3104 936 3170 vitae
961 3107 1138 3193 sanguini·

85 3216 154 3283 que
170 3196 378 3268 imminentis
395 3199 587 3283 prostravit,
603 3199 699 3278 sudit,
714 3203 851 3280 occidit,
869 3216 906 3272 ut
923 3227 1001 3271 cum
1020 3207 1137 3272 admo-

86 3296 169 3362 dum
196 3297 326 3380 paucis,
344 3310 444 3366 nocte
475 3313 596 3378 tectus,
618 3315 710 3370 metu
743 3307 951 3390 perterritus,
978 3309 1137 3394 princeps
1156 3303 1191 3356 ³⁰

86 3397 256 3463 latronum
283 3398 422 3484 duxque
454 3399 591 3488 sugerit.
637 3403 669 3468 Ο
701 3406 807 3473 solem
840 3406 951 3492 ipsum
983 3407 1137 3474 beatissi-

88 3518 198 3570 mum,
218 3496 290 3583 qui,
310 3510 391 3570 ante
414 3517 516 3585 quam
540 3523 579 3566 se
605 3503 756 3576 abderet,
776 3506 888 3572 stratis
912 3509 1137 3574 cadaveribus

87 3595 357 3682 parricidarum„
367 3617 445 3664 cum
464 3601 584 3685 paucis
600 3602 787 3688 fugientem
803 3605 889 3670 vidit
904 3605 1091 3680 Antonium
1105 3606 1114 3672 l

131 3713 178 3763 aa.
202 3697 359 3771 Anvero
373 3699 554 3786 quisquam
572 3701 740 3768 dubitabit
755 3706 930 3789 appellare
948 3705 1136 3772 Caesarem

89 3797 351 3882 imperatorem?
376 3839 379 3850 ·
396 3797 505 3867 Aetas
530 3801 604 3887 ejus
623 3815 721 3868 certe
747 3805 791 3868 ab
811 3805 878 3870 hac
895 3807 1061 3872 sententia
1078 3825 1137 3870 ne·
1156 3810 1188 3864 35

91 3897 216 3962 minem
248 3897 442 3974 deterrebit,
471 3901 613 3986 quaudo
641 3901 780 3987 quidem
811 3903 932 3971 virtute
963 3906 1138 3990 superavit
