<?xml version="1.0" encoding="UTF-8"?>
<!DOCTYPE html PUBLIC "-//W3C//DTD XHTML 1.0 Transitional//EN"
    "http://www.w3.org/TR/xhtml1/DTD/xhtml1-transitional.dtd">
<html xmlns="http://www.w3.org/1999/xhtml" xml:lang="en" lang="en">
 <head>
  <title>
</title>
<meta http-equiv="Content-Type" content="text/html;charset=utf-8" />
  <meta name='ocr-system' content='tesseract 3.04.00' />
  <meta name='ocr-capabilities' content='ocr_page ocr_carea ocr_par ocr_line ocrx_word'/>
</head>
<body>
  <div class='ocr_page' id='page_1' title='image "./selectorationsc00greegoog_0258.png"; bbox 0 0 2716 4266; ppageno 0'>
   <div class='ocr_carea' id='block_1_1' title="bbox 123 183 1172 278">
    <p class='ocr_par' dir='ltr' id='par_1_1' title="bbox 123 183 1172 278">
     <span class='ocr_line' id='line_1_1' title="bbox 123 183 1172 278; baseline 0.009 -29"><span class='ocrx_word' id='word_1_1' title='bbox 123 183 242 252; x_wconf 78' lang='lat'>¹1·33·]</span> <span class='ocrx_word' id='word_1_2' title='bbox 318 185 413 252; x_wconf 86' lang='lat' dir='ltr'>How</span> <span class='ocrx_word' id='word_1_3' title='bbox 436 187 493 252; x_wconf 77' lang='lat' dir='ltr'>the</span> <span class='ocrx_word' id='word_1_4' title='bbox 522 186 609 254; x_wconf 77' lang='lat' dir='ltr'>Casa</span> <span class='ocrx_word' id='word_1_5' title='bbox 631 189 756 254; x_wconf 80' lang='lat' dir='ltr'><em>should</em></span> <span class='ocrx_word' id='word_1_6' title='bbox 777 191 817 256; x_wconf 83' lang='lat' dir='ltr'>bo</span> <span class='ocrx_word' id='word_1_7' title='bbox 835 192 983 278; x_wconf 82' lang='lat' dir='ltr'>judgcd.</span> <span class='ocrx_word' id='word_1_8' title='bbox 1111 212 1172 278; x_wconf 84' lang='lat'>231</span> 
     </span>
    </p>
   </div>
   <div class='ocr_carea' id='block_1_2' title="bbox 117 383 1228 3982">
    <p class='ocr_par' dir='ltr' id='par_1_2' title="bbox 118 383 1228 2177">
     <span class='ocr_line' id='line_1_2' title="bbox 122 383 1177 478; baseline 0.014 -32"><span class='ocrx_word' id='word_1_9' title='bbox 122 383 340 450; x_wconf 89' lang='lat' dir='ltr'>clementiam</span> <span class='ocrx_word' id='word_1_10' title='bbox 373 398 466 450; x_wconf 88' lang='lat' dir='ltr'>tuam</span> <span class='ocrx_word' id='word_1_11' title='bbox 498 389 673 477; x_wconf 83' lang='lat' dir='ltr'>confugio,</span> <span class='ocrx_word' id='word_1_12' title='bbox 707 391 820 456; x_wconf 85' lang='lat' dir='ltr'>delicti</span> <span class='ocrx_word' id='word_1_13' title='bbox 853 391 989 456; x_wconf 89' lang='lat' dir='ltr'>veniam</span> <span class='ocrx_word' id='word_1_14' title='bbox 1023 404 1114 478; x_wconf 89' lang='lat' dir='ltr'>peto,</span> <span class='ocrx_word' id='word_1_15' title='bbox 1141 407 1177 460; x_wconf 91' lang='lat' dir='ltr'>ut</span> 
     </span>
     <span class='ocr_line' id='line_1_3' title="bbox 121 483 1176 580; baseline 0.012 -35"><span class='ocrx_word' id='word_1_16' title='bbox 121 483 322 569; x_wconf 82' lang='lat' dir='ltr'>ignoscatur</span> <span class='ocrx_word' id='word_1_17' title='bbox 345 487 429 550; x_wconf 89' lang='lat' dir='ltr'>oro.&#39;</span> <span class='ocrx_word' id='word_1_18' title='bbox 476 487 514 552; x_wconf 90' lang='lat' dir='ltr'>Si</span> <span class='ocrx_word' id='word_1_19' title='bbox 539 511 640 554; x_wconf 90' lang='lat' dir='ltr'>nemo</span> <span class='ocrx_word' id='word_1_20' title='bbox 665 490 869 575; x_wconf 87' lang='lat' dir='ltr'>impetravit,</span> <span class='ocrx_word' id='word_1_21' title='bbox 895 493 1122 580; x_wconf 86' lang='lat' dir='ltr'>adroganter:</span> <span class='ocrx_word' id='word_1_22' title='bbox 1148 495 1176 560; x_wconf 89' lang='lat' dir='ltr'>si</span> 
     </span>
     <span class='ocr_line' id='line_1_4' title="bbox 122 584 1175 676; baseline 0.013 -31"><span class='ocrx_word' id='word_1_23' title='bbox 122 584 274 667; x_wconf 84' lang='lat' dir='ltr'>plurimi,</span> <span class='ocrx_word' id='word_1_24' title='bbox 294 597 328 648; x_wconf 87' lang='lat' dir='ltr'>tu</span> <span class='ocrx_word' id='word_1_25' title='bbox 351 587 442 650; x_wconf 91' lang='lat' dir='ltr'>idem</span> <span class='ocrx_word' id='word_1_26' title='bbox 468 588 517 652; x_wconf 87' lang='lat' dir='ltr'>ser</span> <span class='ocrx_word' id='word_1_27' title='bbox 541 601 654 673; x_wconf 88' lang='lat' dir='ltr'>opem,</span> <span class='ocrx_word' id='word_1_28' title='bbox 674 592 731 676; x_wconf 89' lang='lat' dir='ltr'>qui</span> <span class='ocrx_word' id='word_1_29' title='bbox 750 613 845 676; x_wconf 91' lang='lat' dir='ltr'>spem</span> <span class='ocrx_word' id='word_1_30' title='bbox 864 593 998 656; x_wconf 90' lang='lat' dir='ltr'>dedisti.</span> <span class='ocrx_word' id='word_1_31' title='bbox 1048 611 1088 658; x_wconf 81' lang='lat'>³1.</span> <span class='ocrx_word' id='word_1_32' title='bbox 1118 593 1175 659; x_wconf 87' lang='lat' dir='ltr'>An</span> 
     </span>
     <span class='ocr_line' id='line_1_5' title="bbox 122 684 1176 776; baseline 0.013 -29"><span class='ocrx_word' id='word_1_33' title='bbox 122 685 284 767; x_wconf 87' lang='lat' dir='ltr'>sperandi</span> <span class='ocrx_word' id='word_1_34' title='bbox 302 684 444 772; x_wconf 84' lang='lat' dir='ltr'>Ligario</span> <span class='ocrx_word' id='word_1_35' title='bbox 457 708 562 752; x_wconf 89' lang='lat' dir='ltr'>causa</span> <span class='ocrx_word' id='word_1_36' title='bbox 581 692 715 764; x_wconf 89' lang='lat' dir='ltr'>nonsit,</span> <span class='ocrx_word' id='word_1_37' title='bbox 731 712 809 754; x_wconf 85' lang='lat' dir='ltr'>cum</span> <span class='ocrx_word' id='word_1_38' title='bbox 829 691 910 754; x_wconf 91' lang='lat' dir='ltr'>mibi</span> <span class='ocrx_word' id='word_1_39' title='bbox 927 695 1018 776; x_wconf 87' lang='lat' dir='ltr'>apud</span> <span class='ocrx_word' id='word_1_40' title='bbox 1036 708 1067 760; x_wconf 90' lang='lat' dir='ltr'>te</span> <span class='ocrx_word' id='word_1_41' title='bbox 1081 697 1176 760; x_wconf 91' lang='lat' dir='ltr'>locus</span> 
     </span>
     <span class='ocr_line' id='line_1_6' title="bbox 122 784 1209 880; baseline 0.009 -32"><span class='ocrx_word' id='word_1_42' title='bbox 122 785 166 848; x_wconf 90' lang='lat' dir='ltr'>sit</span> <span class='ocrx_word' id='word_1_43' title='bbox 190 784 289 846; x_wconf 89' lang='lat' dir='ltr'>etiam</span> <span class='ocrx_word' id='word_1_44' title='bbox 316 807 376 869; x_wconf 91' lang='lat' dir='ltr'>pro</span> <span class='ocrx_word' id='word_1_45' title='bbox 400 787 506 852; x_wconf 89' lang='lat' dir='ltr'>altero</span> <span class='ocrx_word' id='word_1_46' title='bbox 530 788 763 872; x_wconf 86' lang='lat' dir='ltr'>deprecandi?</span> <span class='ocrx_word' id='word_1_47' title='bbox 811 788 1032 879; x_wconf 73' lang='lat' dir='ltr'><strong>Quamquam</strong></span> <span class='ocrx_word' id='word_1_48' title='bbox 1055 817 1118 860; x_wconf 87' lang='lat' dir='ltr'>nec</span> <span class='ocrx_word' id='word_1_49' title='bbox 1141 796 1209 880; x_wconf 80' lang='lat' dir='ltr'>in5</span> 
     </span>
     <span class='ocr_line' id='line_1_7' title="bbox 123 884 1175 972; baseline 0.012 -27"><span class='ocrx_word' id='word_1_50' title='bbox 123 884 192 947; x_wconf 91' lang='lat' dir='ltr'>hac</span> <span class='ocrx_word' id='word_1_51' title='bbox 218 884 370 950; x_wconf 87' lang='lat' dir='ltr'>oratione</span> <span class='ocrx_word' id='word_1_52' title='bbox 399 908 478 971; x_wconf 88' lang='lat' dir='ltr'>spes</span> <span class='ocrx_word' id='word_1_53' title='bbox 505 900 556 951; x_wconf 93' lang='lat' dir='ltr'>est</span> <span class='ocrx_word' id='word_1_54' title='bbox 584 889 692 972; x_wconf 90' lang='lat' dir='ltr'>posita</span> <span class='ocrx_word' id='word_1_55' title='bbox 725 911 865 966; x_wconf 91' lang='lat' dir='ltr'>causae,</span> <span class='ocrx_word' id='word_1_56' title='bbox 896 914 960 958; x_wconf 90' lang='lat' dir='ltr'>nec</span> <span class='ocrx_word' id='word_1_57' title='bbox 991 894 1024 960; x_wconf 89' lang='lat' dir='ltr'>in</span> <span class='ocrx_word' id='word_1_58' title='bbox 1058 917 1175 960; x_wconf 90' lang='lat' dir='ltr'>eorum</span> 
     </span>
     <span class='ocr_line' id='line_1_8' title="bbox 122 983 1175 1075; baseline 0.011 -29"><span class='ocrx_word' id='word_1_59' title='bbox 122 983 243 1047; x_wconf 86' lang='lat' dir='ltr'>studiis</span> <span class='ocrx_word' id='word_1_60' title='bbox 274 985 332 1070; x_wconf 91' lang='lat' dir='ltr'>qui</span> <span class='ocrx_word' id='word_1_61' title='bbox 362 1006 380 1048; x_wconf 91' lang='lat' dir='ltr'>a</span> <span class='ocrx_word' id='word_1_62' title='bbox 409 1000 441 1050; x_wconf 89' lang='lat' dir='ltr'>te</span> <span class='ocrx_word' id='word_1_63' title='bbox 474 1009 534 1071; x_wconf 93' lang='lat' dir='ltr'>pro</span> <span class='ocrx_word' id='word_1_64' title='bbox 564 986 708 1075; x_wconf 79' lang='lat' dir='ltr'>Ligario</span> <span class='ocrx_word' id='word_1_65' title='bbox 740 1004 870 1074; x_wconf 89' lang='lat' dir='ltr'>petunt,</span> <span class='ocrx_word' id='word_1_66' title='bbox 901 994 948 1059; x_wconf 89' lang='lat' dir='ltr'>tui</span> <span class='ocrx_word' id='word_1_67' title='bbox 979 996 1175 1062; x_wconf 88' lang='lat' dir='ltr'>necessarii.</span> 
     </span>
     <span class='ocr_line' id='line_1_9' title="bbox 121 1082 1175 1179; baseline 0.014 -34"><span class='ocrx_word' id='word_1_68' title='bbox 121 1102 176 1146; x_wconf 67' lang='lat' dir='ltr'>xa</span> <span class='ocrx_word' id='word_1_69' title='bbox 203 1082 282 1147; x_wconf 91' lang='lat' dir='ltr'>Vidi</span> <span class='ocrx_word' id='word_1_70' title='bbox 300 1085 393 1149; x_wconf 88' lang='lat' dir='ltr'>enim</span> <span class='ocrx_word' id='word_1_71' title='bbox 409 1098 442 1153; x_wconf 88' lang='lat' dir='ltr'>et</span> <span class='ocrx_word' id='word_1_72' title='bbox 458 1089 605 1174; x_wconf 83' lang='lat' dir='ltr'>cognovi</span> <span class='ocrx_word' id='word_1_73' title='bbox 622 1089 704 1175; x_wconf 87' lang='lat' dir='ltr'>quid</span> <span class='ocrx_word' id='word_1_74' title='bbox 722 1091 871 1158; x_wconf 85' lang='lat' dir='ltr'>maxime</span> <span class='ocrx_word' id='word_1_75' title='bbox 893 1108 1077 1179; x_wconf 83' lang='lat' dir='ltr'>spectares,</span> <span class='ocrx_word' id='word_1_76' title='bbox 1096 1117 1175 1161; x_wconf 86' lang='lat' dir='ltr'>curn</span> 
     </span>
     <span class='ocr_line' id='line_1_10' title="bbox 122 1184 1176 1281; baseline 0.016 -36"><span class='ocrx_word' id='word_1_77' title='bbox 122 1203 187 1268; x_wconf 91' lang='lat' dir='ltr'>pro</span> <span class='ocrx_word' id='word_1_78' title='bbox 211 1184 353 1272; x_wconf 88' lang='lat' dir='ltr'>alicujus</span> <span class='ocrx_word' id='word_1_79' title='bbox 380 1187 488 1251; x_wconf 88' lang='lat' dir='ltr'>salute</span> <span class='ocrx_word' id='word_1_80' title='bbox 516 1188 610 1252; x_wconf 91' lang='lat' dir='ltr'>multi</span> <span class='ocrx_word' id='word_1_81' title='bbox 640 1190 854 1256; x_wconf 87' lang='lat' dir='ltr'>laborarent:</span> <span class='ocrx_word' id='word_1_82' title='bbox 881 1215 1002 1260; x_wconf 90' lang='lat' dir='ltr'>causas</span> <span class='ocrx_word' id='word_1_83' title='bbox 1028 1197 1120 1281; x_wconf 91' lang='lat' dir='ltr'>apud</span> <span class='ocrx_word' id='word_1_84' title='bbox 1144 1209 1176 1262; x_wconf 89' lang='lat' dir='ltr'>te</span> 
     </span>
     <span class='ocr_line' id='line_1_11' title="bbox 122 1284 1228 1383; baseline 0.014 -37"><span class='ocrx_word' id='word_1_85' title='bbox 122 1284 318 1370; x_wconf 87' lang='lat' dir='ltr'>rogantium</span> <span class='ocrx_word' id='word_1_86' title='bbox 351 1287 570 1373; x_wconf 88' lang='lat' dir='ltr'>gratiosiores</span> <span class='ocrx_word' id='word_1_87' title='bbox 603 1311 678 1355; x_wconf 89' lang='lat' dir='ltr'>esse</span> <span class='ocrx_word' id='word_1_88' title='bbox 709 1313 813 1378; x_wconf 92' lang='lat' dir='ltr'>quam</span> <span class='ocrx_word' id='word_1_89' title='bbox 837 1295 967 1367; x_wconf 89' lang='lat' dir='ltr'>voltus;</span> <span class='ocrx_word' id='word_1_90' title='bbox 1002 1317 1112 1383; x_wconf 88' lang='lat' dir='ltr'>neque</span> <span class='ocrx_word' id='word_1_91' title='bbox 1144 1309 1176 1360; x_wconf 86' lang='lat' dir='ltr'>te</span> <span class='ocrx_word' id='word_1_92' title='bbox 1197 1333 1228 1372; x_wconf 79' lang='lat'>10</span> 
     </span>
     <span class='ocr_line' id='line_1_12' title="bbox 123 1393 1173 1480; baseline 0.013 -33"><span class='ocrx_word' id='word_1_93' title='bbox 123 1394 280 1468; x_wconf 88' lang='lat' dir='ltr'>spectare</span> <span class='ocrx_word' id='word_1_94' title='bbox 299 1406 403 1471; x_wconf 92' lang='lat' dir='ltr'>quam</span> <span class='ocrx_word' id='word_1_95' title='bbox 421 1398 498 1452; x_wconf 90' lang='lat' dir='ltr'>tuus</span> <span class='ocrx_word' id='word_1_96' title='bbox 516 1401 606 1454; x_wconf 88' lang='lat' dir='ltr'>esset</span> <span class='ocrx_word' id='word_1_97' title='bbox 621 1393 836 1458; x_wconf 88' lang='lat' dir='ltr'>necessarius</span> <span class='ocrx_word' id='word_1_98' title='bbox 861 1394 888 1460; x_wconf 92' lang='lat' dir='ltr'>is</span> <span class='ocrx_word' id='word_1_99' title='bbox 913 1395 969 1480; x_wconf 90' lang='lat' dir='ltr'>qui</span> <span class='ocrx_word' id='word_1_100' title='bbox 995 1408 1026 1460; x_wconf 89' lang='lat' dir='ltr'>te</span> <span class='ocrx_word' id='word_1_101' title='bbox 1050 1409 1173 1472; x_wconf 89' lang='lat' dir='ltr'>oraret,</span> 
     </span>
     <span class='ocr_line' id='line_1_13' title="bbox 124 1485 1175 1582; baseline 0.011 -32"><span class='ocrx_word' id='word_1_102' title='bbox 124 1485 186 1550; x_wconf 87' lang='lat' dir='ltr'>sed</span> <span class='ocrx_word' id='word_1_103' title='bbox 208 1506 311 1571; x_wconf 92' lang='lat' dir='ltr'>quam</span> <span class='ocrx_word' id='word_1_104' title='bbox 335 1487 437 1562; x_wconf 87' lang='lat' dir='ltr'>illius,</span> <span class='ocrx_word' id='word_1_105' title='bbox 458 1511 518 1574; x_wconf 93' lang='lat' dir='ltr'>pro</span> <span class='ocrx_word' id='word_1_106' title='bbox 544 1512 612 1577; x_wconf 93' lang='lat' dir='ltr'>quo</span> <span class='ocrx_word' id='word_1_107' title='bbox 630 1492 809 1558; x_wconf 90' lang='lat' dir='ltr'>laboraret.</span> <span class='ocrx_word' id='word_1_108' title='bbox 860 1495 979 1582; x_wconf 88' lang='lat' dir='ltr'>ltaque</span> <span class='ocrx_word' id='word_1_109' title='bbox 1001 1497 1119 1562; x_wconf 90' lang='lat' dir='ltr'>tribuis</span> <span class='ocrx_word' id='word_1_110' title='bbox 1140 1509 1175 1562; x_wconf 88' lang='lat' dir='ltr'>tu</span> 
     </span>
     <span class='ocr_line' id='line_1_14' title="bbox 122 1585 1177 1670; baseline 0.014 -22"><span class='ocrx_word' id='word_1_111' title='bbox 122 1585 263 1670; x_wconf 89' lang='lat' dir='ltr'>quidem</span> <span class='ocrx_word' id='word_1_112' title='bbox 287 1587 353 1652; x_wconf 88' lang='lat' dir='ltr'>tuis</span> <span class='ocrx_word' id='word_1_113' title='bbox 377 1589 423 1652; x_wconf 91' lang='lat' dir='ltr'>ita</span> <span class='ocrx_word' id='word_1_114' title='bbox 449 1591 567 1665; x_wconf 89' lang='lat' dir='ltr'>multa,</span> <span class='ocrx_word' id='word_1_115' title='bbox 587 1606 622 1656; x_wconf 92' lang='lat' dir='ltr'>ut</span> <span class='ocrx_word' id='word_1_116' title='bbox 639 1593 722 1658; x_wconf 92' lang='lat' dir='ltr'>mihi</span> <span class='ocrx_word' id='word_1_117' title='bbox 740 1595 906 1661; x_wconf 84' lang='lat' dir='ltr'>beatiores</span> <span class='ocrx_word' id='word_1_118' title='bbox 932 1596 978 1660; x_wconf 92' lang='lat' dir='ltr'>illi</span> <span class='ocrx_word' id='word_1_119' title='bbox 997 1598 1177 1663; x_wconf 90' lang='lat' dir='ltr'>videantur</span> 
     </span>
     <span class='ocr_line' id='line_1_15' title="bbox 122 1687 1173 1782; baseline 0.014 -34"><span class='ocrx_word' id='word_1_120' title='bbox 122 1687 294 1750; x_wconf 86' lang='lat' dir='ltr'>interdum</span> <span class='ocrx_word' id='word_1_121' title='bbox 310 1689 372 1775; x_wconf 89' lang='lat' dir='ltr'>qui</span> <span class='ocrx_word' id='word_1_122' title='bbox 398 1702 455 1754; x_wconf 90' lang='lat' dir='ltr'>tua</span> <span class='ocrx_word' id='word_1_123' title='bbox 482 1692 681 1758; x_wconf 85' lang='lat' dir='ltr'>liberalitate</span> <span class='ocrx_word' id='word_1_124' title='bbox 710 1695 877 1768; x_wconf 86' lang='lat' dir='ltr'>fruuntur,</span> <span class='ocrx_word' id='word_1_125' title='bbox 896 1718 999 1781; x_wconf 94' lang='lat' dir='ltr'>quam</span> <span class='ocrx_word' id='word_1_126' title='bbox 1026 1711 1060 1761; x_wconf 93' lang='lat' dir='ltr'>tu</span> <span class='ocrx_word' id='word_1_127' title='bbox 1087 1699 1173 1782; x_wconf 89' lang='lat' dir='ltr'>ipse,</span> 
     </span>
     <span class='ocr_line' id='line_1_16' title="bbox 122 1786 1225 1884; baseline 0.019 -37"><span class='ocrx_word' id='word_1_128' title='bbox 122 1787 181 1873; x_wconf 91' lang='lat' dir='ltr'>qui</span> <span class='ocrx_word' id='word_1_129' title='bbox 199 1786 350 1854; x_wconf 87' lang='lat' dir='ltr'>illistam</span> <span class='ocrx_word' id='word_1_130' title='bbox 369 1793 473 1856; x_wconf 88' lang='lat' dir='ltr'>multa</span> <span class='ocrx_word' id='word_1_131' title='bbox 491 1795 673 1858; x_wconf 85' lang='lat' dir='ltr'>concedas.</span> <span class='ocrx_word' id='word_1_132' title='bbox 723 1794 793 1859; x_wconf 90' lang='lat' dir='ltr'>Sed</span> <span class='ocrx_word' id='word_1_133' title='bbox 820 1795 917 1860; x_wconf 91' lang='lat' dir='ltr'>video</span> <span class='ocrx_word' id='word_1_134' title='bbox 943 1807 1056 1862; x_wconf 92' lang='lat' dir='ltr'>tamen</span> <span class='ocrx_word' id='word_1_135' title='bbox 1083 1799 1174 1883; x_wconf 92' lang='lat' dir='ltr'>apud</span> <span class='ocrx_word' id='word_1_136' title='bbox 1195 1830 1204 1868; x_wconf 92' lang='lat'>1</span> <span class='ocrx_word' id='word_1_137' title='bbox 1210 1829 1225 1884; x_wconf 81' lang='grc' dir='ltr'><em>ς</em></span> 
     </span>
     <span class='ocr_line' id='line_1_17' title="bbox 120 1893 1175 1985; baseline 0.011 -34"><span class='ocrx_word' id='word_1_138' title='bbox 120 1900 156 1952; x_wconf 88' lang='lat' dir='ltr'>te</span> <span class='ocrx_word' id='word_1_139' title='bbox 174 1908 310 1964; x_wconf 79' lang='lat' dir='ltr'>causaS,</span> <span class='ocrx_word' id='word_1_140' title='bbox 330 1903 364 1954; x_wconf 88' lang='lat' dir='ltr'>ut</span> <span class='ocrx_word' id='word_1_141' title='bbox 381 1893 466 1966; x_wconf 92' lang='lat' dir='ltr'>dixi,</span> <span class='ocrx_word' id='word_1_142' title='bbox 486 1894 599 1958; x_wconf 86' lang='lat' dir='ltr'>valere</span> <span class='ocrx_word' id='word_1_143' title='bbox 618 1895 693 1978; x_wconf 89' lang='lat' dir='ltr'>plus</span> <span class='ocrx_word' id='word_1_144' title='bbox 710 1917 811 1980; x_wconf 90' lang='lat' dir='ltr'>quam</span> <span class='ocrx_word' id='word_1_145' title='bbox 832 1917 971 1980; x_wconf 82' lang='lat' dir='ltr'>preces3</span> <span class='ocrx_word' id='word_1_146' title='bbox 998 1898 1041 1961; x_wconf 93' lang='lat' dir='ltr'>ab</span> <span class='ocrx_word' id='word_1_147' title='bbox 1059 1898 1175 1985; x_wconf 88' lang='lat' dir='ltr'>eisque</span> 
     </span>
     <span class='ocr_line' id='line_1_18' title="bbox 120 1991 1175 2082; baseline 0.011 -30"><span class='ocrx_word' id='word_1_148' title='bbox 120 2000 156 2052; x_wconf 91' lang='lat' dir='ltr'>te</span> <span class='ocrx_word' id='word_1_149' title='bbox 171 1991 311 2055; x_wconf 78' lang='lat' dir='ltr'>&#39;moveri</span> <span class='ocrx_word' id='word_1_150' title='bbox 336 1993 499 2066; x_wconf 86' lang='lat' dir='ltr'>maxime,</span> <span class='ocrx_word' id='word_1_151' title='bbox 518 2015 661 2080; x_wconf 92' lang='lat' dir='ltr'>quorum</span> <span class='ocrx_word' id='word_1_152' title='bbox 688 1995 913 2082; x_wconf 85' lang='lat' dir='ltr'>justissimum</span> <span class='ocrx_word' id='word_1_153' title='bbox 939 1997 1056 2062; x_wconf 86' lang='lat' dir='ltr'>videas</span> <span class='ocrx_word' id='word_1_154' title='bbox 1081 1999 1175 2064; x_wconf 87' lang='lat' dir='ltr'>dolo·</span> 
     </span>
     <span class='ocr_line' id='line_1_19' title="bbox 118 2091 439 2177; baseline 0.009 -24"><span class='ocrx_word' id='word_1_155' title='bbox 118 2111 195 2154; x_wconf 85' lang='lat' dir='ltr'>rem</span> <span class='ocrx_word' id='word_1_156' title='bbox 222 2091 255 2154; x_wconf 89' lang='lat' dir='ltr'>in</span> <span class='ocrx_word' id='word_1_157' title='bbox 281 2094 439 2177; x_wconf 87' lang='lat' dir='ltr'>petendo.</span> 
     </span>
    </p>

    <p class='ocr_par' dir='ltr' id='par_1_3' title="bbox 117 2191 1228 3982">
     <span class='ocr_line' id='line_1_20' title="bbox 117 2191 1172 2283; baseline 0.006 -27"><span class='ocrx_word' id='word_1_158' title='bbox 117 2235 119 2238; x_wconf 94' lang='lat'>-</span> <span class='ocrx_word' id='word_1_159' title='bbox 168 2209 215 2256; x_wconf 81' lang='lat' dir='ltr'>aa.</span> <span class='ocrx_word' id='word_1_160' title='bbox 240 2193 279 2256; x_wconf 93' lang='lat' dir='ltr'>In</span> <span class='ocrx_word' id='word_1_161' title='bbox 312 2191 366 2275; x_wconf 72' lang='lat' dir='ltr'>Q.</span> <span class='ocrx_word' id='word_1_162' title='bbox 391 2193 533 2281; x_wconf 84' lang='lat' dir='ltr'>Ligario</span> <span class='ocrx_word' id='word_1_163' title='bbox 566 2195 800 2260; x_wconf 89' lang='lat' dir='ltr'>conservando</span> <span class='ocrx_word' id='word_1_164' title='bbox 833 2197 947 2261; x_wconf 90' lang='lat' dir='ltr'>multis</span> <span class='ocrx_word' id='word_1_165' title='bbox 974 2209 1007 2262; x_wconf 91' lang='lat' dir='ltr'>tu</span> <span class='ocrx_word' id='word_1_166' title='bbox 1035 2198 1172 2283; x_wconf 90' lang='lat' dir='ltr'>quidem</span> 
     </span>
     <span class='ocr_line' id='line_1_21' title="bbox 120 2293 1225 2383; baseline 0.004 -25"><span class='ocrx_word' id='word_1_167' title='bbox 120 2308 258 2382; x_wconf 87' lang='lat' dir='ltr'>gratum</span> <span class='ocrx_word' id='word_1_168' title='bbox 281 2293 387 2358; x_wconf 82' lang='lat' dir='ltr'>iacies</span> <span class='ocrx_word' id='word_1_169' title='bbox 412 2295 613 2358; x_wconf 70' lang='lat' dir='ltr'>necessariis</span> <span class='ocrx_word' id='word_1_170' title='bbox 642 2295 719 2368; x_wconf 87' lang='lat' dir='ltr'>tuis,</span> <span class='ocrx_word' id='word_1_171' title='bbox 738 2296 799 2361; x_wconf 89' lang='lat' dir='ltr'>sed</span> <span class='ocrx_word' id='word_1_172' title='bbox 824 2296 901 2370; x_wconf 92' lang='lat' dir='ltr'>hoc,</span> <span class='ocrx_word' id='word_1_173' title='bbox 929 2319 1070 2383; x_wconf 88' lang='lat' dir='ltr'>quaeso,</span> <span class='ocrx_word' id='word_1_174' title='bbox 1094 2319 1174 2364; x_wconf 86' lang='lat' dir='ltr'>con·</span> <span class='ocrx_word' id='word_1_175' title='bbox 1190 2323 1225 2362; x_wconf 90' lang='lat'>20</span> 
     </span>
     <span class='ocr_line' id='line_1_22' title="bbox 120 2393 1171 2481; baseline 0.003 -21"><span class='ocrx_word' id='word_1_176' title='bbox 120 2397 248 2469; x_wconf 89' lang='lat' dir='ltr'>sidera,</span> <span class='ocrx_word' id='word_1_177' title='bbox 267 2395 359 2481; x_wconf 91' lang='lat' dir='ltr'>quod</span> <span class='ocrx_word' id='word_1_178' title='bbox 377 2395 478 2460; x_wconf 87' lang='lat' dir='ltr'>soles.</span> <span class='ocrx_word' id='word_1_179' title='bbox 513 2393 656 2458; x_wconf 83' lang='lat' dir='ltr'>Possum</span> <span class='ocrx_word' id='word_1_180' title='bbox 675 2394 874 2460; x_wconf 84' lang='lat' dir='ltr'>fortissimos</span> <span class='ocrx_word' id='word_1_181' title='bbox 891 2397 994 2469; x_wconf 90' lang='lat' dir='ltr'>viros,</span> <span class='ocrx_word' id='word_1_182' title='bbox 1011 2396 1171 2474; x_wconf 60' lang='lat' dir='ltr'>Sabinos</span> 
     </span>
     <span class='ocr_line' id='line_1_23' title="bbox 119 2495 1228 2582; baseline 0.002 -22"><span class='ocrx_word' id='word_1_183' title='bbox 119 2497 180 2560; x_wconf 92' lang='lat' dir='ltr'>tibi</span> <span class='ocrx_word' id='word_1_184' title='bbox 206 2496 473 2582; x_wconf 60' lang='lat' dir='ltr'>probatissimos</span> <span class='ocrx_word' id='word_1_185' title='bbox 498 2506 672 2580; x_wconf 89' lang='lat' dir='ltr'>totumque</span> <span class='ocrx_word' id='word_1_186' title='bbox 697 2516 819 2582; x_wconf 89' lang='lat' dir='ltr'>agrum</span> <span class='ocrx_word' id='word_1_187' title='bbox 845 2495 1026 2568; x_wconf 88' lang='lat' dir='ltr'>Sabinum,</span> <span class='ocrx_word' id='word_1_188' title='bbox 1054 2497 1172 2562; x_wconf 89' lang='lat' dir='ltr'>florem</span> <span class='ocrx_word' id='word_1_189' title='bbox 1225 2527 1228 2534; x_wconf 63' lang='lat'>¹</span> 
     </span>
     <span class='ocr_line' id='line_1_24' title="bbox 120 2595 1173 2680; baseline 0.001 -20"><span class='ocrx_word' id='word_1_190' title='bbox 120 2595 242 2662; x_wconf 87' lang='lat' dir='ltr'>Italiae</span> <span class='ocrx_word' id='word_1_191' title='bbox 267 2617 306 2662; x_wconf 92' lang='lat' dir='ltr'>ac</span> <span class='ocrx_word' id='word_1_192' title='bbox 332 2597 435 2661; x_wconf 90' lang='lat' dir='ltr'>robur</span> <span class='ocrx_word' id='word_1_193' title='bbox 460 2595 507 2660; x_wconf 92' lang='lat' dir='ltr'>rei</span> <span class='ocrx_word' id='word_1_194' title='bbox 531 2595 702 2678; x_wconf 87' lang='lat' dir='ltr'>publicae,</span> <span class='ocrx_word' id='word_1_195' title='bbox 722 2616 922 2679; x_wconf 84' lang='lat' dir='ltr'>proponere.</span> <span class='ocrx_word' id='word_1_196' title='bbox 972 2595 1070 2660; x_wconf 88' lang='lat' dir='ltr'>Nosti</span> <span class='ocrx_word' id='word_1_197' title='bbox 1088 2598 1173 2680; x_wconf 89' lang='lat' dir='ltr'>opti-</span> 
     </span>
     <span class='ocr_line' id='line_1_25' title="bbox 120 2694 1172 2762; baseline 0 -2"><span class='ocrx_word' id='word_1_198' title='bbox 120 2718 195 2762; x_wconf 91' lang='lat' dir='ltr'>mos</span> <span class='ocrx_word' id='word_1_199' title='bbox 219 2697 386 2760; x_wconf 89' lang='lat' dir='ltr'>homines.</span> <span class='ocrx_word' id='word_1_200' title='bbox 437 2694 684 2760; x_wconf 86' lang='lat' dir='ltr'>Animadverte</span> <span class='ocrx_word' id='word_1_201' title='bbox 712 2695 831 2758; x_wconf 88' lang='lat' dir='ltr'>borum</span> <span class='ocrx_word' id='word_1_202' title='bbox 859 2695 1009 2758; x_wconf 92' lang='lat' dir='ltr'>omnium</span> <span class='ocrx_word' id='word_1_203' title='bbox 1038 2698 1172 2760; x_wconf 87' lang='lat' dir='ltr'>maesti·</span> 
     </span>
     <span class='ocr_line' id='line_1_26' title="bbox 118 2793 1222 2884; baseline -0.005 -22"><span class='ocrx_word' id='word_1_204' title='bbox 118 2797 202 2862; x_wconf 90' lang='lat' dir='ltr'>tiam</span> <span class='ocrx_word' id='word_1_205' title='bbox 219 2811 252 2862; x_wconf 91' lang='lat' dir='ltr'>et</span> <span class='ocrx_word' id='word_1_206' title='bbox 268 2798 443 2862; x_wconf 85' lang='lat' dir='ltr'>dolorem:</span> <span class='ocrx_word' id='word_1_207' title='bbox 470 2797 569 2884; x_wconf 85' lang='lat' dir='ltr'>hujus</span> <span class='ocrx_word' id='word_1_208' title='bbox 583 2794 627 2858; x_wconf 89' lang='lat' dir='ltr'>T.</span> <span class='ocrx_word' id='word_1_209' title='bbox 644 2793 791 2860; x_wconf 88' lang='lat' dir='ltr'>Brocchi</span> <span class='ocrx_word' id='word_1_210' title='bbox 811 2795 872 2880; x_wconf 89' lang='lat' dir='ltr'>(de</span> <span class='ocrx_word' id='word_1_211' title='bbox 889 2817 956 2881; x_wconf 92' lang='lat' dir='ltr'>quo</span> <span class='ocrx_word' id='word_1_212' title='bbox 969 2817 1037 2860; x_wconf 91' lang='lat' dir='ltr'>non</span> <span class='ocrx_word' id='word_1_213' title='bbox 1055 2797 1170 2861; x_wconf 90' lang='lat' dir='ltr'>dubito</span> <span class='ocrx_word' id='word_1_214' title='bbox 1189 2819 1222 2872; x_wconf 82' lang='lat'>²5</span> 
     </span>
     <span class='ocr_line' id='line_1_27' title="bbox 119 2896 1169 2982; baseline -0.002 -20"><span class='ocrx_word' id='word_1_215' title='bbox 119 2899 200 2982; x_wconf 91' lang='lat' dir='ltr'>quid</span> <span class='ocrx_word' id='word_1_216' title='bbox 226 2897 418 2980; x_wconf 86' lang='lat' dir='ltr'>existimes)</span> <span class='ocrx_word' id='word_1_217' title='bbox 448 2898 620 2969; x_wconf 89' lang='lat' dir='ltr'>lacrimas,</span> <span class='ocrx_word' id='word_1_218' title='bbox 645 2896 907 2981; x_wconf 87' lang='lat' dir='ltr'>squaloremque</span> <span class='ocrx_word' id='word_1_219' title='bbox 936 2896 1042 2979; x_wconf 90' lang='lat' dir='ltr'>ipsius</span> <span class='ocrx_word' id='word_1_220' title='bbox 1067 2909 1100 2960; x_wconf 89' lang='lat' dir='ltr'>et</span> <span class='ocrx_word' id='word_1_221' title='bbox 1123 2897 1169 2960; x_wconf 90' lang='lat' dir='ltr'>fili</span> 
     </span>
     <span class='ocr_line' id='line_1_28' title="bbox 117 2993 1167 3082; baseline -0.002 -22"><span class='ocrx_word' id='word_1_222' title='bbox 117 2999 228 3062; x_wconf 89' lang='lat' dir='ltr'>vides.</span> <span class='ocrx_word' id='word_1_223' title='bbox 276 3015 322 3062; x_wconf 80' lang='lat' dir='ltr'>aa.</span> <span class='ocrx_word' id='word_1_224' title='bbox 347 2997 442 3082; x_wconf 73' lang='lat' dir='ltr'>Quid</span> <span class='ocrx_word' id='word_1_225' title='bbox 471 2999 513 3062; x_wconf 90' lang='lat' dir='ltr'>de</span> <span class='ocrx_word' id='word_1_226' title='bbox 540 2998 699 3062; x_wconf 90' lang='lat' dir='ltr'>sratribus</span> <span class='ocrx_word' id='word_1_227' title='bbox 725 2993 860 3058; x_wconf 78' lang='lat' dir='ltr'>dicam?</span> <span class='ocrx_word' id='word_1_228' title='bbox 906 2993 1001 3070; x_wconf 90' lang='lat' dir='ltr'>Noli,</span> <span class='ocrx_word' id='word_1_229' title='bbox 1024 2994 1167 3070; x_wconf 88' lang='lat' dir='ltr'>Caesar,</span> 
     </span>
     <span class='ocr_line' id='line_1_29' title="bbox 120 3093 1168 3184; baseline -0.003 -23"><span class='ocrx_word' id='word_1_230' title='bbox 120 3109 239 3182; x_wconf 88' lang='lat' dir='ltr'>putare</span> <span class='ocrx_word' id='word_1_231' title='bbox 252 3099 294 3162; x_wconf 89' lang='lat' dir='ltr'>de</span> <span class='ocrx_word' id='word_1_232' title='bbox 312 3099 412 3162; x_wconf 90' lang='lat' dir='ltr'>unius</span> <span class='ocrx_word' id='word_1_233' title='bbox 429 3098 540 3182; x_wconf 89' lang='lat' dir='ltr'>capite</span> <span class='ocrx_word' id='word_1_234' title='bbox 557 3120 619 3162; x_wconf 89' lang='lat' dir='ltr'>nos</span> <span class='ocrx_word' id='word_1_235' title='bbox 637 3119 754 3184; x_wconf 85' lang='lat' dir='ltr'>agere.</span> <span class='ocrx_word' id='word_1_236' title='bbox 794 3093 864 3158; x_wconf 88' lang='lat' dir='ltr'>Aut</span> <span class='ocrx_word' id='word_1_237' title='bbox 880 3107 947 3159; x_wconf 86' lang='lat' dir='ltr'>tres</span> <span class='ocrx_word' id='word_1_238' title='bbox 963 3095 1021 3159; x_wconf 92' lang='lat' dir='ltr'>tibi</span> <span class='ocrx_word' id='word_1_239' title='bbox 1039 3094 1168 3180; x_wconf 86' lang='lat' dir='ltr'>Ligarii</span> 
     </span>
     <span class='ocr_line' id='line_1_30' title="bbox 118 3195 1169 3272; baseline -0.002 -12"><span class='ocrx_word' id='word_1_240' title='bbox 118 3198 285 3262; x_wconf 89' lang='lat' dir='ltr'>retinendi</span> <span class='ocrx_word' id='word_1_241' title='bbox 303 3198 336 3261; x_wconf 93' lang='lat' dir='ltr'>in</span> <span class='ocrx_word' id='word_1_242' title='bbox 355 3197 590 3272; x_wconf 86' lang='lat' dir='ltr'>civitatesunt‚</span> <span class='ocrx_word' id='word_1_243' title='bbox 611 3211 668 3261; x_wconf 90' lang='lat' dir='ltr'>aut</span> <span class='ocrx_word' id='word_1_244' title='bbox 693 3208 760 3260; x_wconf 83' lang='lat' dir='ltr'>tres</span> <span class='ocrx_word' id='word_1_245' title='bbox 785 3219 827 3260; x_wconf 89' lang='lat' dir='ltr'>ex</span> <span class='ocrx_word' id='word_1_246' title='bbox 854 3195 986 3259; x_wconf 84' lang='lat' dir='ltr'>civitate</span> <span class='ocrx_word' id='word_1_247' title='bbox 1011 3195 1169 3260; x_wconf 88' lang='lat' dir='ltr'>extermi-</span> 
     </span>
     <span class='ocr_line' id='line_1_31' title="bbox 119 3295 1222 3385; baseline -0.006 -25"><span class='ocrx_word' id='word_1_248' title='bbox 119 3297 246 3361; x_wconf 86' lang='lat' dir='ltr'>nandi:</span> <span class='ocrx_word' id='word_1_249' title='bbox 275 3295 391 3385; x_wconf 93' lang='lat' dir='ltr'>[nam]</span> <span class='ocrx_word' id='word_1_250' title='bbox 420 3296 563 3383; x_wconf 90' lang='lat' dir='ltr'>quodvis</span> <span class='ocrx_word' id='word_1_251' title='bbox 580 3297 737 3361; x_wconf 92' lang='lat' dir='ltr'>exsilium</span> <span class='ocrx_word' id='word_1_252' title='bbox 765 3295 817 3362; x_wconf 90' lang='lat' dir='ltr'>his</span> <span class='ocrx_word' id='word_1_253' title='bbox 835 3307 885 3360; x_wconf 90' lang='lat' dir='ltr'>est</span> <span class='ocrx_word' id='word_1_254' title='bbox 901 3295 1047 3379; x_wconf 87' lang='lat' dir='ltr'>optatius</span> <span class='ocrx_word' id='word_1_255' title='bbox 1065 3316 1169 3381; x_wconf 93' lang='lat' dir='ltr'>quam</span> <span class='ocrx_word' id='word_1_256' title='bbox 1186 3311 1222 3366; x_wconf 87' lang='lat'>30</span> 
     </span>
     <span class='ocr_line' id='line_1_32' title="bbox 119 3395 1170 3484; baseline 0 -24"><span class='ocrx_word' id='word_1_257' title='bbox 119 3397 242 3481; x_wconf 89' lang='lat' dir='ltr'>patria,</span> <span class='ocrx_word' id='word_1_258' title='bbox 261 3419 362 3484; x_wconf 89' lang='lat' dir='ltr'>quam</span> <span class='ocrx_word' id='word_1_259' title='bbox 380 3397 515 3470; x_wconf 76' lang='lat' dir='ltr'>domuS,</span> <span class='ocrx_word' id='word_1_260' title='bbox 534 3417 636 3483; x_wconf 88' lang='lat' dir='ltr'>quam</span> <span class='ocrx_word' id='word_1_261' title='bbox 662 3396 695 3460; x_wconf 92' lang='lat' dir='ltr'>di</span> <span class='ocrx_word' id='word_1_262' title='bbox 721 3409 876 3481; x_wconf 88' lang='lat' dir='ltr'>penates,</span> <span class='ocrx_word' id='word_1_263' title='bbox 895 3417 963 3460; x_wconf 89' lang='lat' dir='ltr'>uno</span> <span class='ocrx_word' id='word_1_264' title='bbox 987 3395 1045 3460; x_wconf 92' lang='lat' dir='ltr'>illo</span> <span class='ocrx_word' id='word_1_265' title='bbox 1069 3417 1170 3460; x_wconf 91' lang='lat' dir='ltr'>exsu-</span> 
     </span>
     <span class='ocr_line' id='line_1_33' title="bbox 118 3495 1168 3581; baseline 0.002 -22"><span class='ocrx_word' id='word_1_266' title='bbox 118 3497 223 3562; x_wconf 90' lang='lat' dir='ltr'>lante.</span> <span class='ocrx_word' id='word_1_267' title='bbox 284 3497 322 3562; x_wconf 89' lang='lat' dir='ltr'>Si</span> <span class='ocrx_word' id='word_1_268' title='bbox 355 3497 515 3570; x_wconf 81' lang='lat' dir='ltr'>fraterne,</span> <span class='ocrx_word' id='word_1_269' title='bbox 546 3496 573 3560; x_wconf 89' lang='lat' dir='ltr'>si</span> <span class='ocrx_word' id='word_1_270' title='bbox 606 3496 675 3581; x_wconf 88' lang='lat' dir='ltr'>pie,</span> <span class='ocrx_word' id='word_1_271' title='bbox 705 3497 733 3560; x_wconf 91' lang='lat' dir='ltr'>si</span> <span class='ocrx_word' id='word_1_272' title='bbox 766 3518 843 3561; x_wconf 89' lang='lat' dir='ltr'>cum</span> <span class='ocrx_word' id='word_1_273' title='bbox 878 3497 995 3562; x_wconf 91' lang='lat' dir='ltr'>dolore</span> <span class='ocrx_word' id='word_1_274' title='bbox 1027 3495 1168 3570; x_wconf 79' lang='lat' dir='ltr'>faciunt,</span> 
     </span>
     <span class='ocr_line' id='line_1_34' title="bbox 119 3595 1171 3680; baseline 0 -18"><span class='ocrx_word' id='word_1_275' title='bbox 119 3609 278 3662; x_wconf 89' lang='lat' dir='ltr'>moveant</span> <span class='ocrx_word' id='word_1_276' title='bbox 308 3607 340 3662; x_wconf 89' lang='lat' dir='ltr'>te</span> <span class='ocrx_word' id='word_1_277' title='bbox 369 3598 491 3660; x_wconf 89' lang='lat' dir='ltr'>horum</span> <span class='ocrx_word' id='word_1_278' title='bbox 520 3595 695 3669; x_wconf 88' lang='lat' dir='ltr'>lacrimae,</span> <span class='ocrx_word' id='word_1_279' title='bbox 727 3607 862 3660; x_wconf 88' lang='lat' dir='ltr'>moveat</span> <span class='ocrx_word' id='word_1_280' title='bbox 890 3597 1012 3680; x_wconf 88' lang='lat' dir='ltr'>pietas,</span> <span class='ocrx_word' id='word_1_281' title='bbox 1037 3607 1171 3662; x_wconf 88' lang='lat' dir='ltr'>moveat</span> 
     </span>
     <span class='ocr_line' id='line_1_35' title="bbox 119 3696 1170 3794; baseline -0.001 -34"><span class='ocrx_word' id='word_1_282' title='bbox 119 3696 350 3784; x_wconf 87' lang='lat' dir='ltr'>germanitas:</span> <span class='ocrx_word' id='word_1_283' title='bbox 375 3697 489 3760; x_wconf 88' lang='lat' dir='ltr'>valeat</span> <span class='ocrx_word' id='word_1_284' title='bbox 503 3707 560 3760; x_wconf 90' lang='lat' dir='ltr'>tua</span> <span class='ocrx_word' id='word_1_285' title='bbox 578 3717 645 3760; x_wconf 91' lang='lat' dir='ltr'>vox</span> <span class='ocrx_word' id='word_1_286' title='bbox 663 3696 734 3794; x_wconf 83' lang='lat' dir='ltr'>illa,</span> <span class='ocrx_word' id='word_1_287' title='bbox 755 3717 843 3782; x_wconf 92' lang='lat' dir='ltr'>quae</span> <span class='ocrx_word' id='word_1_288' title='bbox 860 3697 952 3761; x_wconf 92' lang='lat' dir='ltr'>vicit.</span> <span class='ocrx_word' id='word_1_289' title='bbox 1001 3697 1055 3762; x_wconf 90' lang='lat' dir='ltr'>Te</span> <span class='ocrx_word' id='word_1_290' title='bbox 1079 3696 1170 3762; x_wconf 92' lang='lat' dir='ltr'>enim</span> 
     </span>
     <span class='ocr_line' id='line_1_36' title="bbox 119 3795 1219 3881; baseline 0 -19"><span class='ocrx_word' id='word_1_291' title='bbox 119 3797 233 3862; x_wconf 90' lang='lat' dir='ltr'>dicere</span> <span class='ocrx_word' id='word_1_292' title='bbox 259 3796 481 3860; x_wconf 87' lang='lat' dir='ltr'>audiebamus</span> <span class='ocrx_word' id='word_1_293' title='bbox 507 3817 568 3860; x_wconf 93' lang='lat' dir='ltr'>nos</span> <span class='ocrx_word' id='word_1_294' title='bbox 586 3795 698 3860; x_wconf 91' lang='lat' dir='ltr'>omnis</span> <span class='ocrx_word' id='word_1_295' title='bbox 716 3795 930 3862; x_wconf 89' lang='lat' dir='ltr'>adversarios</span> <span class='ocrx_word' id='word_1_296' title='bbox 954 3809 1087 3881; x_wconf 87' lang='lat' dir='ltr'>putare,</span> <span class='ocrx_word' id='word_1_297' title='bbox 1106 3796 1171 3861; x_wconf 90' lang='lat' dir='ltr'>nisi</span> <span class='ocrx_word' id='word_1_298' title='bbox 1186 3806 1219 3862; x_wconf 82' lang='lat'>35</span> 
     </span>
     <span class='ocr_line' id='line_1_37' title="bbox 119 3893 1172 3982; baseline 0 -22"><span class='ocrx_word' id='word_1_299' title='bbox 119 3896 177 3982; x_wconf 91' lang='lat' dir='ltr'>qui</span> <span class='ocrx_word' id='word_1_300' title='bbox 201 3896 380 3964; x_wconf 90' lang='lat' dir='ltr'>nobiscum</span> <span class='ocrx_word' id='word_1_301' title='bbox 400 3906 534 3969; x_wconf 84' lang='lat' dir='ltr'>essent3</span> <span class='ocrx_word' id='word_1_302' title='bbox 559 3905 591 3958; x_wconf 88' lang='lat' dir='ltr'>te</span> <span class='ocrx_word' id='word_1_303' title='bbox 607 3893 719 3958; x_wconf 90' lang='lat' dir='ltr'>omnis</span> <span class='ocrx_word' id='word_1_304' title='bbox 743 3893 800 3980; x_wconf 89' lang='lat' dir='ltr'>qui</span> <span class='ocrx_word' id='word_1_305' title='bbox 826 3906 944 3960; x_wconf 87' lang='lat' dir='ltr'>contra</span> <span class='ocrx_word' id='word_1_306' title='bbox 968 3907 1000 3960; x_wconf 88' lang='lat' dir='ltr'>te</span> <span class='ocrx_word' id='word_1_307' title='bbox 1024 3917 1093 3960; x_wconf 91' lang='lat' dir='ltr'>non</span> <span class='ocrx_word' id='word_1_308' title='bbox 1118 3917 1172 3960; x_wconf 89' lang='lat' dir='ltr'>es·</span> 
     </span>
    </p>
   </div>
   <div class='ocr_carea' id='block_1_3' title="bbox 0 0 1362 4266">
    <p class='ocr_par' dir='ltr' id='par_1_4' title="bbox 0 0 1362 4266">
     <span class='ocr_line' id='line_1_38' title="bbox 0 0 1362 4266; baseline 0 0"><span class='ocrx_word' id='word_1_309' title='bbox 0 0 1362 4266; x_wconf 95' lang='lat' dir='ltr'> </span> 
     </span>
    </p>
   </div>
  </div>
 </body>
</html>
