2668 4262
86 183 233 256 V111·20·]
257 185 327 252 The
350 186 606 252 Deliberance:
641 185 749 272 Sigus
773 186 848 250 and
874 185 1010 250 Omcm.
1085 199 1147 265 117

85 388 132 452 ad
166 389 259 452 hanc
284 386 374 452 diem
407 388 639 463 remansisset,
670 407 893 473 quamquam,
924 386 1038 472 quoad
1071 385 1144 458 luit,

84 488 253 552 omnibus
270 489 343 575 ejus
370 489 520 554 consiliis
547 490 680 553 occurri
698 501 798 574 atque
822 487 947 559 obstiti,
967 501 1096 561 tamen,
1116 497 1150 549 ut

84 588 267 652 levissime
292 590 418 660 dicam,
441 589 674 653 dimicandum
699 589 798 652 nobis
823 609 902 652 cum
927 588 986 651 illo
1010 586 1148 658 fuisset;

85 710 207 772 neque
235 710 298 752 nos
326 710 505 774 umquam,
535 710 613 752 curn
642 689 700 752 ille
728 689 764 752 in
792 689 876 752 urbe
905 687 1012 752 hostis
1043 700 1146 760 esset,

84 788 197 851 tantis
225 788 386 872 periculis
409 811 481 852 rem
507 790 680 874 publicam
704 801 799 852 tanta
823 809 923 873 pace,
950 798 1042 852 tanto
1066 787 1147 862 otiO,
1184 814 1200 869 5

83 899 188 952 tanto
205 889 339 953 silentio
356 890 611 954 liberassemus.

133 1007 220 1052 vm.
246 1004 287 1051 18.
312 987 533 1075 Quamquam
553 991 640 1054 haec
666 989 795 1064 omnia,
815 987 983 1074 Quirites,
1002 987 1047 1052 ita
1072 997 1151 1052 sunt

85 1108 106 1149 a
126 1110 188 1152 me
206 1089 454 1163 administrata,
474 1101 510 1154 ut
526 1091 668 1154 deorum
685 1090 928 1154 immortalium
947 1099 1030 1152 nutu
1048 1098 1149 1173 atque

86 1189 240 1252 consilio
271 1200 303 1254 et
334 1203 432 1277 gesta
463 1201 497 1254 et
531 1190 667 1274 provisa
700 1211 775 1254 esse
803 1188 1005 1262 videantur3
1047 1187 1149 1274 idque

86 1309 173 1350 cum
212 1289 406 1376 conjectura
433 1289 597 1375 consequi
636 1310 832 1375 possumus,
856 1288 949 1374 quod
973 1289 1031 1351 vix
1056 1287 1198 1355 vide-10

86 1399 145 1452 tur
177 1389 320 1453 humani
347 1390 468 1454 consili
499 1402 670 1454 tantarum
699 1411 813 1454 rerum
842 1388 1045 1476 gubernatio
1074 1409 1149 1452 esse

88 1489 268 1573 potuisse;
287 1501 358 1554 tum
377 1512 456 1554 vero
473 1490 520 1554 ita
537 1503 734 1574 praesentes
753 1490 805 1554 his
821 1489 1032 1573 temporibus
1049 1509 1149 1572 opem

89 1600 125 1651 et
143 1590 314 1654 auxilium
331 1589 429 1654 nobis
457 1591 618 1665 tulerunt,
636 1603 673 1654 ut
689 1612 748 1654 eos
772 1611 883 1674 paene
908 1588 1016 1652 oculis
1034 1588 1149 1652 videre

89 1709 289 1771 possemus.
354 1689 447 1753 Nam
474 1701 512 1754 ut
538 1690 597 1754 illa
628 1689 957 1764 omittam—visas
985 1701 1151 1754 nocturno

90 1800 251 1872 tempore
269 1791 312 1854 ab
338 1791 515 1855 occidente
540 1790 646 1864 saceS,
666 1792 892 1876 ardoremque
914 1789 1015 1862 caeli,
1036 1801 1070 1852 ut
1086 1788 1150 1852 sul·
1169 1817 1198 1868 ις

92 1889 230 1952 minum
251 1889 377 1975 jactus,
394 1902 432 1954 ut
447 1903 557 1954 terrae
584 1903 695 1956 motus
719 1890 925 1976 relinquam,
943 1904 979 1953 ut
998 1889 1150 1954 omittam

91 2003 224 2063 cetera,
253 2011 341 2076 quae
365 2003 434 2054 tam
461 1992 566 2055 multa
590 1992 689 2055 nobis
718 1991 917 2054 consulibus
942 1989 1032 2053 sacta
1059 2001 1148 2062 sunt,

91 2101 129 2152 ut
147 2090 250 2162 haec,
269 2111 357 2175 quae
386 2112 479 2154 nunc
504 2091 601 2165 fiunt,
620 2112 744 2156 canere
771 2091 804 2155 di
831 2089 1041 2154 immortales
1058 2089 1152 2153 vide·

91 2193 360 2263 rentur,-h0c
385 2203 488 2266 certe,
510 2192 601 2278 quod
627 2214 701 2256 sum
727 2191 891 2265 dicturus,
917 2211 1028 2276 neque
1053 2211 1152 2275 prae-

91 2290 351 2355 termittendum
377 2314 488 2378 neque
512 2293 772 2378 relinquendum
799 2304 860 2355 est.
885 2314 913 2372 p·
1168 2317 1198 2352 2·

139 2409 185 2455 19.
202 2390 294 2455 Nam
313 2393 463 2476 profecto
481 2378 645 2456 memoria
663 2391 796 2465 tenetis,
812 2391 913 2456 Cotta
930 2402 963 2456 et
976 2390 1152 2478 Torquato

94 2492 309 2567 consulibus,
328 2493 514 2577 compluris
542 2493 576 2555 in
594 2490 765 2576 Capitolio
794 2513 848 2556 res
877 2492 919 2556 de
948 2493 1046 2555 caelo
1075 2512 1151 2556 esse

95 2613 294 2675 percussas,
322 2613 400 2656 cum
429 2602 462 2656 et
489 2592 673 2656 simulacra
705 2592 846 2656 deorum
884 2591 1028 2675 depulsa
1058 2603 1150 2664 sunt,

95 2705 129 2756 et
153 2705 285 2779 statuae
307 2705 460 2756 veterum
485 2693 661 2756 hominum
687 2692 854 2779 dejectae,
874 2704 908 2754 et
929 2692 1047 2777 legum
1072 2702 1152 2754 aera

96 2792 303 2878 liquefacta:
329 2804 437 2856 tactus
463 2805 514 2856 est
539 2792 640 2856 etiam
666 2793 725 2856 ille
750 2793 809 2877 qui
828 2793 918 2855 lianc
935 2792 1053 2856 urbem
1071 2813 1152 2856 con·
1167 2816 1199 2867 ²5

3 2899 6 2926 '⁵
97 2893 184 2958 didit
200 2893 384 2966 Romulus,
403 2899 505 2979 quem
532 2892 724 2956 inauratum
752 2893 786 2956 in
804 2891 988 2976 Capitolio,
1007 2913 1152 2976 parvum

99 3007 201 3080 atque
227 2994 421 3066 lactentem,
453 2993 614 3058 uberibus
656 2993 783 3077 lupinis
812 2992 1015 3066 inhiantem,
1047 2993 1150 3056 luisse

100 3093 313 3160 meministis.
373 3093 453 3180 Quo
480 3093 616 3180 quidem
654 3105 807 3177 tempore
843 3113 922 3157 cum
952 3091 1151 3176 haruspices

100 3216 145 3258 ex
161 3206 229 3259 tota
246 3194 382 3260 Etruria
407 3195 659 3268 convenissent,
678 3193 803 3258 caedes
826 3205 926 3278 atque
943 3192 1102 3256 incendia
1120 3202 1152 3256 et

102 3295 218 3383 legum
246 3295 416 3360 interitum
444 3306 477 3359 et
504 3295 632 3360 bellum
666 3293 766 3358 civile
790 3315 832 3358 ac
864 3293 1100 3367 domesticum,
1120 3303 1200 3368 et3·
1279 3321 1283 3335 »

101 3396 200 3462 totius
232 3397 325 3461 urbis
369 3409 470 3482 atque
510 3395 632 3480 imperi
671 3415 833 3460 occasum
875 3393 1152 3479 appropinquare

2 3528 8 3540 ·
103 3496 272 3570 dixerunt,
291 3495 356 3561 nisi
382 3497 415 3561 di
433 3497 655 3570 immortales,
674 3495 767 3559 omni
785 3495 915 3558 ratione
933 3493 1071 3578 placati,
1090 3513 1152 3558 suo

103 3597 241 3661 numine
259 3619 363 3682 prope
380 3597 449 3660 sata
466 3597 541 3682 ipsa
568 3595 756 3660 flexissent.
805 3612 845 3658 ao
870 3594 989 3680 Itaque
1016 3594 1152 3658 illorum

3 3757 7 3768 ,
104 3697 274 3782 responsis
291 3711 362 3762 tum
380 3710 413 3761 et
428 3697 499 3762 ludi
518 3718 578 3781 per
604 3697 723 3760 decem
742 3695 815 3761 dies
834 3694 912 3760 facti
931 3706 1022 3766 sunt,
1041 3715 1153 3780 neque

104 3817 157 3861 res
183 3799 255 3862 ulla
282 3819 371 3884 quae
399 3797 444 3862 ad
470 3797 658 3881 placandos
685 3796 768 3860 deos
794 3795 976 3879 pertineret
1004 3807 1154 3879 praeter·
1170 3820 1201 3874 35

106 3896 207 3963 missa
224 3909 295 3972 est;
319 3899 479 3984 idemque
499 3897 675 3984 jusserunt
690 3894 912 3958 simulacrum
925 3893 1021 3979 Jovis
1038 3895 1153 3960 facere
