2714 4266
223 241 270 324 36
504 244 762 333 Impeachment
785 251 834 333 (ff
858 245 994 314 Verres.
1123 246 1243 319 [VERR⁸
1266 251 1289 305 Ι.

224 454 324 530 atque
342 444 376 509 in
393 445 608 532 explicandis
629 446 829 514 criminibus
848 469 990 535 operam
1015 473 1285 532 consumerem3

222 565 327 618 nunc,
346 548 508 632 quonium
533 568 689 634 pugnare
711 561 827 612 contra
845 572 900 614 me
918 550 1102 629 instituisti,
1122 579 1191 622 non
1210 571 1285 623 tam

222 665 267 708 ex
284 657 341 708 tua
359 661 478 710 natura
495 667 598 734 quam
616 669 660 710 ex
680 648 776 712 istius
801 661 953 735 tempore
978 664 1011 716 et
1036 675 1140 720 causa
1161 657 1284 744 [mali-

221 745 341 834 tiose],
365 768 505 812 necesse
530 760 581 812 est
604 748 699 812 istius
724 750 816 813 modi
842 752 964 816 rationi
990 755 1105 844 aliquo
1133 761 1283 824 consilio

189 881 204 932 5
222 848 398 912 obsistere.
446 865 493 912 34.
516 848 594 912 Tua
612 849 697 913 ratio
714 861 776 924 est,
796 863 832 915 ut
849 856 1039 921 secundum
1056 857 1154 922 binos
1178 861 1282 924 iudos

223 950 305 1014 mihi
326 953 533 1038 respondere
553 950 718 1037 incipias;
750 973 839 1027 mea,
861 967 897 1019 ut
921 969 1000 1021 ante
1025 957 1153 1042 primos
1178 959 1281 1024 ludos

221 1055 536 1140 comperendinem.
587 1054 637 1118 Ita
665 1055 702 1118 fit
725 1066 761 1119 ut
784 1067 843 1119 tua
867 1057 930 1121 ista
955 1057 1040 1123 ratio
1064 1057 1282 1124 existimetur

124 1129 200 1288 Q
222 1167 344 1230 astuta,
364 1175 478 1222 meum
497 1157 562 1221 hoc
577 1154 760 1220 consilium
778 1156 1023 1221 necessarium.

136 1240 142 1253 ¹
265 1276 330 1321 ΧΠ.
358 1256 488 1322 Verum
513 1257 598 1322 illud
614 1257 706 1344 quod
723 1257 934 1321 institueram
952 1258 1080 1333 dicere,
1100 1258 1184 1322 mihi
1203 1281 1279 1324 rem

172 1379 204 1418 ιο
220 1365 332 1421 tecum
356 1379 444 1432 esse,
464 1358 565 1446 hujus
590 1357 682 1423 modi
703 1369 764 1422 est.
812 1356 890 1444 Ego
914 1378 993 1422 cum
1018 1359 1109 1423 hanc
1133 1379 1279 1424 causam

221 1456 415 1527 Siculorum
441 1471 562 1546 rogatu
588 1458 810 1544 recepissem,
829 1459 932 1544 idque
958 1458 1042 1522 mihi
1066 1460 1221 1544 amplum
1244 1473 1280 1526 et

220 1559 435 1644 praeclarum
449 1560 714 1634 existimassem,
729 1580 789 1624 eos
799 1560 888 1624 velle
900 1580 997 1622 meae
1009 1559 1088 1623 fidei
1101 1560 1278 1647 diligenti·

219 1679 328 1746 aeque
353 1660 542 1746 periculum
569 1660 695 1734 facere,
714 1659 771 1746 qui
795 1658 1011 1724 innocentiae
1032 1659 1277 1726 abstinentiae·

150 1803 152 1809 -
219 1783 284 1846 que
306 1761 485 1834 fecissent3
516 1773 588 1825 tum
614 1773 773 1844 suscepto
798 1759 950 1847 negotio,
973 1757 1084 1847 majus
1107 1761 1274 1846 quiddam

170 1879 200 1931 15
221 1861 302 1924 mihi
334 1861 509 1946 proposui,
536 1861 570 1924 in
602 1883 669 1946 quo
703 1881 815 1924 meam
849 1859 883 1923 in
913 1881 985 1924 rem
1015 1861 1188 1945 publicam
1214 1883 1275 1926 vo-

219 1961 382 2025 luntatem
394 1961 540 2046 populus
551 1960 733 2025 Romanus
744 1960 939 2045 perspicere
952 1971 1079 2046 posset.
1111 1977 1157 2024 ³5.
1178 1961 1273 2027 Nam

218 2061 303 2125 illud
335 2061 417 2124 mihi
451 2082 667 2150 nequaquam
700 2060 845 2148 dignum
879 2059 1043 2124 industria
1079 2075 1273 2149 conatuque

218 2183 293 2226 meo
314 2161 505 2237 videbatur,
527 2161 627 2225 istum
646 2182 666 2225 a
690 2161 800 2224 mein
820 2160 1003 2247 judicium,
1018 2161 1092 2248 jam
1116 2161 1272 2226 omnium

222 2261 352 2348 judicio
380 2261 659 2336 condemnatum,
683 2260 812 2334 vocari,
841 2261 907 2324 nisi
935 2260 998 2324 ista
1026 2274 1083 2324 tua
1110 2261 1272 2326 intolera·
1340 2287 1341 2298 ³

166 2381 198 2415 20
217 2361 293 2426 bilis
318 2361 481 2447 potentia,
500 2373 532 2425 et
556 2383 597 2426 ea
621 2361 791 2446 cupiditas
814 2381 884 2446 qua
908 2381 970 2446 per
988 2361 1091 2424 hosce
1108 2381 1217 2426 annos
1234 2362 1271 2426 in

215 2461 420 2548 quibusdam
445 2461 583 2549 judiciis
611 2484 694 2526 usus
723 2483 773 2534 es,
800 2461 903 2524 etiam
933 2460 967 2524 in
995 2460 1091 2525 istius
1120 2461 1270 2527 hominis

215 2562 386 2646 desperati
404 2583 509 2626 causa
529 2562 812 2646 interponeretur.
863 2559 968 2625 Nunc
992 2581 1086 2636 ver0,
1105 2561 1269 2647 quoniam

216 2663 302 2726 haec
318 2673 349 2726 te
366 2661 477 2725 omnis
494 2661 680 2726 dominatio
705 2681 921 2748 regnumque
942 2659 1148 2748 judiciorum
1174 2671 1268 2727 tanto

164 2881 195 2929 ²5
215 2883 323 2948 aeque
346 2883 429 2926 suae
455 2882 565 2947 neque
590 2862 717 2947 pudeat
734 2881 846 2948 neque
863 2862 1010 2936 taedeat,
1023 2862 1147 2947 -qui,
1167 2863 1266 2948 quasi
1337 2881 1338 2886 ’

212 2963 256 3026 de
273 2962 451 3036 industria,
470 2962 504 3024 in
521 2963 638 3026 odium
654 2961 951 3047 offensionemque
971 2961 1087 3047 populi
1113 2961 1265 3027 Romani

213 3061 346 3126 inruere
364 3063 556 3138 videantur,
569 3099 613 3110 -—
624 3063 690 3128 boc
704 3083 758 3126 me
773 3062 934 3148 profiteor
946 3061 1151 3147 suscepisse,
1167 3084 1264 3150 mag-

212 3185 293 3226 num
319 3162 460 3226 sortasse
484 3168 570 3228 onus
599 3176 631 3228 et
660 3163 744 3227 mihi
776 3161 1116 3249 periculosissimum,
1143 3183 1262 3228 verum

211 3275 326 3327 tamen
354 3262 497 3349 dignum
526 3263 560 3327 in
585 3287 651 3351 quo
676 3263 787 3329 omnis
813 3285 936 3328 nervos
961 3264 1079 3328 aetatis
1104 3262 1263 3328 industri-

162 3380 195 3431 30
212 3385 319 3450 aeque
344 3386 440 3428 meae
465 3367 718 3430 contenderem.

253 3482 300 3529 au.
325 3463 499 3548 Quoniam
532 3479 619 3532 totus
650 3467 734 3533 ordo
766 3487 954 3553 paucorum
987 3463 1200 3549 improbitate
1228 3477 1260 3528 et

210 3567 355 3631 audacia
377 3568 539 3650 premitur
559 3581 590 3632 et
610 3581 751 3654 urgetur
776 3569 916 3632 infamia
938 3563 1159 3654 judiciorum,
1183 3586 1259 3649 pro-

210 3667 305 3730 fiteor
323 3668 402 3730 huic
420 3668 538 3753 generi
557 3669 731 3731 hominum
751 3690 804 3730 me
819 3668 994 3732 inimicum
1010 3675 1255 3739 accusatorem,

209 3768 377 3838 odiosum,
394 3767 589 3840 adsiduum,
605 3768 765 3829 acerbum
784 3768 1030 3830 adversarium.
1082 3765 1160 3829 Hoc
1176 3764 1257 3828 mihi

161 3879 320 3940 assumo,
340 3867 405 3929 boc
430 3865 511 3928 mibi
537 3867 700 3948 deposc0,
721 3865 813 3950 quod
841 3886 945 3950 agam
974 3866 1007 3928 in
1040 3869 1254 3953 magistratu,

208 3967 299 4053 quod
317 3987 420 4052 agam
438 3987 481 4029 ex
502 3986 542 4028 eo
565 3964 639 4028 loco
664 3984 708 4026 ex
732 3985 799 4049 quo
825 3985 880 4028 me
905 3966 1051 4048 populus
1076 3966 1255 4032 Romanus
