<?xml version="1.0" encoding="UTF-8"?>
<!DOCTYPE html PUBLIC "-//W3C//DTD XHTML 1.0 Transitional//EN"
    "http://www.w3.org/TR/xhtml1/DTD/xhtml1-transitional.dtd">
<html xmlns="http://www.w3.org/1999/xhtml" xml:lang="en" lang="en">
 <head>
  <title>
</title>
<meta http-equiv="Content-Type" content="text/html;charset=utf-8" />
  <meta name='ocr-system' content='tesseract 3.04.00' />
  <meta name='ocr-capabilities' content='ocr_page ocr_carea ocr_par ocr_line ocrx_word'/>
</head>
<body>
  <div class='ocr_page' id='page_1' title='image "./selectorationsc00greegoog_0164.png"; bbox 0 0 2668 4262; ppageno 0'>
   <div class='ocr_carea' id='block_1_1' title="bbox 78 1 1140 266">
    <p class='ocr_par' dir='ltr' id='par_1_1' title="bbox 78 1 1140 266">
     <span class='ocr_line' id='line_1_1' title="bbox 242 1 909 120; baseline -0.055 -9"><span class='ocrx_word' id='word_1_1' title='bbox 242 37 315 108; x_wconf 58' lang='grc' dir='ltr'><em>Νι</em></span> <span class='ocrx_word' id='word_1_2' title='bbox 358 31 438 105; x_wconf 58' lang='lat' dir='ltr'><em>baa.</em></span> <span class='ocrx_word' id='word_1_3' title='bbox 472 41 574 120; x_wconf 47' lang='lat' dir='ltr'><em>stt„</em></span> <span class='ocrx_word' id='word_1_4' title='bbox 612 19 654 75; x_wconf 56' lang='grc' dir='ltr'>Ο</span> <span class='ocrx_word' id='word_1_5' title='bbox 760 39 773 96; x_wconf 65' lang='lat' dir='ltr'>j</span> <span class='ocrx_word' id='word_1_6' title='bbox 821 1 909 84; x_wconf 57' lang='lat' dir='ltr'><em>:GT</em></span> 
     </span>
     <span class='ocr_line' id='line_1_2' title="bbox 78 179 1140 266; baseline -0.031 -4"><span class='ocrx_word' id='word_1_7' title='bbox 78 203 100 243; x_wconf 87' lang='lat' dir='ltr'>V</span> <span class='ocrx_word' id='word_1_8' title='bbox 116 179 158 266; x_wconf 94' lang='lat'><em>9]</em></span> <span class='ocrx_word' id='word_1_9' title='bbox 293 182 360 244; x_wconf 89' lang='lat' dir='ltr'><em>His</em></span> <span class='ocrx_word' id='word_1_10' title='bbox 389 181 419 242; x_wconf 87' lang='lat' dir='ltr'><em>T</em></span> <span class='ocrx_word' id='word_1_11' title='bbox 415 180 568 244; x_wconf 80' lang='lat' dir='ltr'><em>rcltnical</em></span> <span class='ocrx_word' id='word_1_12' title='bbox 589 180 695 261; x_wconf 81' lang='lat' dir='ltr'><em>Riglit</em></span> <span class='ocrx_word' id='word_1_13' title='bbox 715 201 754 242; x_wconf 76' lang='lat' dir='ltr'><em>as</em></span> <span class='ocrx_word' id='word_1_14' title='bbox 781 179 916 244; x_wconf 80' lang='lat' dir='ltr'><em>Citieen.</em></span> <span class='ocrx_word' id='word_1_15' title='bbox 1078 195 1140 258; x_wconf 82' lang='lat'><em>137</em></span> 
     </span>
    </p>
   </div>
   <div class='ocr_carea' id='block_1_2' title="bbox 18 387 1329 2690">
    <p class='ocr_par' dir='ltr' id='par_1_2' title="bbox 124 387 1150 472">
     <span class='ocr_line' id='line_1_3' title="bbox 124 387 1150 472; baseline 0.003 -24"><span class='ocrx_word' id='word_1_16' title='bbox 124 409 157 448; x_wconf 70' lang='lat' dir='ltr'><em>a.</em></span> <span class='ocrx_word' id='word_1_17' title='bbox 185 391 283 454; x_wconf 89' lang='lat' dir='ltr'><em>Data</em></span> <span class='ocrx_word' id='word_1_18' title='bbox 304 401 356 455; x_wconf 89' lang='lat' dir='ltr'><em>est</em></span> <span class='ocrx_word' id='word_1_19' title='bbox 378 393 496 455; x_wconf 90' lang='lat' dir='ltr'><em>civitas</em></span> <span class='ocrx_word' id='word_1_20' title='bbox 513 391 637 456; x_wconf 90' lang='lat' dir='ltr'><em>Silvani</em></span> <span class='ocrx_word' id='word_1_21' title='bbox 660 389 736 472; x_wconf 88' lang='lat' dir='ltr'><em>lege</em></span> <span class='ocrx_word' id='word_1_22' title='bbox 754 402 786 454; x_wconf 91' lang='lat' dir='ltr'><em>et</em></span> <span class='ocrx_word' id='word_1_23' title='bbox 810 389 993 454; x_wconf 88' lang='lat' dir='ltr'><em>Carbonis:</em></span> <span class='ocrx_word' id='word_1_24' title='bbox 1022 387 1066 453; x_wconf 86' lang='lat' dir='ltr'><em>Si</em></span> <span class='ocrx_word' id='word_1_25' title='bbox 1086 388 1150 471; x_wconf 84' lang='lat' dir='ltr'><em>qui</em></span> 
     </span>
    </p>

    <p class='ocr_par' dir='ltr' id='par_1_3' title="bbox 70 487 1147 570">
     <span class='ocr_line' id='line_1_4' title="bbox 70 487 1147 570; baseline -0.002 -20"><span class='ocrx_word' id='word_1_26' title='bbox 70 488 270 568; x_wconf 77' lang='lat' dir='ltr'><em>foederates</em></span> <span class='ocrx_word' id='word_1_27' title='bbox 299 489 491 550; x_wconf 85' lang='lat' dir='ltr'><em>civitatibus</em></span> <span class='ocrx_word' id='word_1_28' title='bbox 521 489 661 570; x_wconf 81' lang='lat' dir='ltr'><em>ascripti</em></span> <span class='ocrx_word' id='word_1_29' title='bbox 689 490 856 569; x_wconf 66' lang='lat' dir='ltr'><em>fuissent·</em></span> <span class='ocrx_word' id='word_1_30' title='bbox 886 487 920 549; x_wconf 90' lang='lat' dir='ltr'><em>si</em></span> <span class='ocrx_word' id='word_1_31' title='bbox 956 495 1038 558; x_wconf 83' lang='lat' dir='ltr'><em>tum,</em></span> <span class='ocrx_word' id='word_1_32' title='bbox 1071 491 1147 548; x_wconf 80' lang='lat' dir='ltr'><em>crim</em></span> 
     </span>
    </p>

    <p class='ocr_par' dir='ltr' id='par_1_4' title="bbox 75 583 1269 670">
     <span class='ocr_line' id='line_1_5' title="bbox 75 583 1269 670; baseline -0.003 -26"><span class='ocrx_word' id='word_1_33' title='bbox 75 586 135 644; x_wconf 77' lang='lat' dir='ltr'><em>lex</em></span> <span class='ocrx_word' id='word_1_34' title='bbox 176 583 371 665; x_wconf 78' lang='lat' dir='ltr'><em>ferebatur,</em></span> <span class='ocrx_word' id='word_1_35' title='bbox 410 585 446 646; x_wconf 83' lang='lat' dir='ltr'><em>in</em></span> <span class='ocrx_word' id='word_1_36' title='bbox 484 584 589 646; x_wconf 83' lang='lat' dir='ltr'><em>Itali&#39;a</em></span> <span class='ocrx_word' id='word_1_37' title='bbox 627 585 835 646; x_wconf 83' lang='lat' dir='ltr'><em>darriicilium</em></span> <span class='ocrx_word' id='word_1_38' title='bbox 873 583 1079 652; x_wconf 68' lang='lat' dir='ltr'><em>habuissent·</em></span> <span class='ocrx_word' id='word_1_39' title='bbox 1119 587 1152 643; x_wconf 81' lang='lat' dir='ltr'><em>et</em></span> <span class='ocrx_word' id='word_1_40' title='bbox 1264 661 1269 670; x_wconf 24' lang='grc' dir='ltr'>Ι</span> 
     </span>
    </p>

    <p class='ocr_par' dir='ltr' id='par_1_5' title="bbox 73 669 1324 786">
     <span class='ocr_line' id='line_1_6' title="bbox 73 669 1251 786; baseline -0.002 -45"><span class='ocrx_word' id='word_1_41' title='bbox 73 681 108 741; x_wconf 86' lang='lat' dir='ltr'><em>si</em></span> <span class='ocrx_word' id='word_1_42' title='bbox 144 684 335 763; x_wconf 80' lang='lat' dir='ltr'><em>sexaginta</em></span> <span class='ocrx_word' id='word_1_43' title='bbox 364 681 478 744; x_wconf 67' lang='lat' dir='ltr'><em>diebus</em></span> <span class='ocrx_word' id='word_1_44' title='bbox 513 679 608 762; x_wconf 81' lang='lat' dir='ltr'><em>apud</em></span> <span class='ocrx_word' id='word_1_45' title='bbox 636 691 822 762; x_wconf 79' lang='lat' dir='ltr'><em>praetorem</em></span> <span class='ocrx_word' id='word_1_46' title='bbox 852 687 958 740; x_wconf 82' lang='lat' dir='ltr'><em>essent</em></span> <span class='ocrx_word' id='word_1_47' title='bbox 993 679 1147 762; x_wconf 79' lang='lat' dir='ltr'><em>professi.</em></span> <span class='ocrx_word' id='word_1_48' title='bbox 1157 675 1210 786; x_wconf 31' lang='lat' dir='ltr'><em>{2¹ss</em></span> <span class='ocrx_word' id='word_1_49' title='bbox 1234 669 1251 773; x_wconf 37' lang='lat'><em>&#39;⁴</em></span> 
     </span>
    </p>

    <p class='ocr_par' dir='ltr' id='par_1_6' title="bbox 74 761 1316 855">
     <span class='ocr_line' id='line_1_7' title="bbox 74 761 1316 855; baseline -0.001 -17"><span class='ocrx_word' id='word_1_50' title='bbox 74 776 169 838; x_wconf 90' lang='lat' dir='ltr'><em>Cum</em></span> <span class='ocrx_word' id='word_1_51' title='bbox 197 777 259 840; x_wconf 89' lang='lat' dir='ltr'><em>hic</em></span> <span class='ocrx_word' id='word_1_52' title='bbox 282 778 490 840; x_wconf 85' lang='lat' dir='ltr'><em>domicilium</em></span> <span class='ocrx_word' id='word_1_53' title='bbox 516 775 647 838; x_wconf 88' lang='lat' dir='ltr'><em>Romae</em></span> <span class='ocrx_word' id='word_1_54' title='bbox 672 777 794 838; x_wconf 92' lang='lat' dir='ltr'><em>multos</em></span> <span class='ocrx_word' id='word_1_55' title='bbox 815 775 886 855; x_wconf 83' lang='lat' dir='ltr'><em>jam</em></span> <span class='ocrx_word' id='word_1_56' title='bbox 911 793 1017 836; x_wconf 87' lang='lat' dir='ltr'><em>annos</em></span> <span class='ocrx_word' id='word_1_57' title='bbox 1046 773 1149 836; x_wconf 88' lang='lat' dir='ltr'><em>habe·</em></span> <span class='ocrx_word' id='word_1_58' title='bbox 1184 761 1225 837; x_wconf 72' lang='grc' dir='ltr'><em>ε’</em></span> <span class='ocrx_word' id='word_1_59' title='bbox 1287 799 1316 824; x_wconf 70' lang='lat'><em>¹·-</em></span> 
     </span>
    </p>

    <p class='ocr_par' dir='ltr' id='par_1_7' title="bbox 75 869 1150 956">
     <span class='ocr_line' id='line_1_8' title="bbox 75 869 1150 956; baseline 0 -24"><span class='ocrx_word' id='word_1_60' title='bbox 75 883 138 946; x_wconf 90' lang='lat' dir='ltr'><em>ret,</em></span> <span class='ocrx_word' id='word_1_61' title='bbox 167 874 347 956; x_wconf 79' lang='lat' dir='ltr'><em>professus</em></span> <span class='ocrx_word' id='word_1_62' title='bbox 377 885 430 936; x_wconf 91' lang='lat' dir='ltr'><em>est</em></span> <span class='ocrx_word' id='word_1_63' title='bbox 452 871 545 954; x_wconf 89' lang='lat' dir='ltr'><em>apud</em></span> <span class='ocrx_word' id='word_1_64' title='bbox 569 882 758 954; x_wconf 86' lang='lat' dir='ltr'><em>praetorem</em></span> <span class='ocrx_word' id='word_1_65' title='bbox 782 870 826 952; x_wconf 85' lang='lat' dir='ltr'><em>Q.</em></span> <span class='ocrx_word' id='word_1_66' title='bbox 852 870 1027 934; x_wconf 84' lang='lat' dir='ltr'><em>Metellum</em></span> <span class='ocrx_word' id='word_1_67' title='bbox 1055 869 1150 934; x_wconf 85' lang='lat' dir='ltr'><em>sami·</em></span> 
     </span>
    </p>

    <p class='ocr_par' dir='ltr' id='par_1_8' title="bbox 74 966 1150 1036">
     <span class='ocr_line' id='line_1_9' title="bbox 74 966 1150 1036; baseline 0.001 -9"><span class='ocrx_word' id='word_1_68' title='bbox 74 967 306 1032; x_wconf 85' lang='lat' dir='ltr'><em>liarissimum</em></span> <span class='ocrx_word' id='word_1_69' title='bbox 336 990 446 1036; x_wconf 89' lang='lat' dir='ltr'><em>suum.</em></span> <span class='ocrx_word' id='word_1_70' title='bbox 494 985 525 1025; x_wconf 69' lang='grc' dir='ltr'><em>Β·</em></span> <span class='ocrx_word' id='word_1_71' title='bbox 543 968 579 1034; x_wconf 89' lang='lat' dir='ltr'><em>Si</em></span> <span class='ocrx_word' id='word_1_72' title='bbox 611 968 692 1030; x_wconf 81' lang='lat' dir='ltr'><em>nihil</em></span> <span class='ocrx_word' id='word_1_73' title='bbox 723 967 813 1030; x_wconf 89' lang='lat' dir='ltr'><em>aliud</em></span> <span class='ocrx_word' id='word_1_74' title='bbox 845 966 908 1030; x_wconf 91' lang='lat' dir='ltr'><em>nisi</em></span> <span class='ocrx_word' id='word_1_75' title='bbox 939 967 983 1030; x_wconf 90' lang='lat' dir='ltr'><em>de</em></span> <span class='ocrx_word' id='word_1_76' title='bbox 1017 966 1150 1030; x_wconf 88' lang='lat' dir='ltr'><em>civitate</em></span> 
     </span>
    </p>

    <p class='ocr_par' dir='ltr' id='par_1_9' title="bbox 73 1062 1151 1146">
     <span class='ocr_line' id='line_1_10' title="bbox 73 1062 1151 1146; baseline 0.001 -21"><span class='ocrx_word' id='word_1_77' title='bbox 73 1083 116 1126; x_wconf 90' lang='lat' dir='ltr'><em>ac</em></span> <span class='ocrx_word' id='word_1_78' title='bbox 148 1064 234 1146; x_wconf 88' lang='lat' dir='ltr'><em>lege</em></span> <span class='ocrx_word' id='word_1_79' title='bbox 259 1067 413 1142; x_wconf 82' lang='lat' dir='ltr'><em>dicimus,</em></span> <span class='ocrx_word' id='word_1_80' title='bbox 436 1065 518 1130; x_wconf 89' lang='lat' dir='ltr'><em>nihil</em></span> <span class='ocrx_word' id='word_1_81' title='bbox 549 1065 626 1131; x_wconf 86' lang='lat' dir='ltr'><em>dico</em></span> <span class='ocrx_word' id='word_1_82' title='bbox 661 1063 805 1145; x_wconf 88' lang='lat' dir='ltr'><em>amplius</em></span> <span class='ocrx_word' id='word_1_83' title='bbox 837 1082 952 1126; x_wconf 88' lang='lat' dir='ltr'><em>:causa</em></span> <span class='ocrx_word' id='word_1_84' title='bbox 975 1062 1065 1126; x_wconf 87' lang='lat' dir='ltr'><em>dicta</em></span> <span class='ocrx_word' id='word_1_85' title='bbox 1089 1073 1151 1142; x_wconf 88' lang='lat' dir='ltr'><em>est,</em></span> 
     </span>
    </p>

    <p class='ocr_par' dir='ltr' id='par_1_10' title="bbox 74 1157 1150 1240">
     <span class='ocr_line' id='line_1_11' title="bbox 74 1157 1150 1240; baseline 0.001 -20"><span class='ocrx_word' id='word_1_86' title='bbox 74 1158 176 1240; x_wconf 88' lang='lat' dir='ltr'><em>Quid</em></span> <span class='ocrx_word' id='word_1_87' title='bbox 221 1162 317 1224; x_wconf 90' lang='lat' dir='ltr'><em>enim</em></span> <span class='ocrx_word' id='word_1_88' title='bbox 355 1161 476 1224; x_wconf 90' lang='lat' dir='ltr'><em>horum</em></span> <span class='ocrx_word' id='word_1_89' title='bbox 515 1160 684 1233; x_wconf 86' lang='lat' dir='ltr'><em>infirmari,</em></span> <span class='ocrx_word' id='word_1_90' title='bbox 718 1157 822 1231; x_wconf 85' lang='lat' dir='ltr'><em>Grati,</em></span> <span class='ocrx_word' id='word_1_91' title='bbox 854 1164 988 1240; x_wconf 84' lang='lat' dir='ltr'><em>potest?</em></span> <span class='ocrx_word' id='word_1_92' title='bbox 1043 1158 1150 1221; x_wconf 89' lang='lat' dir='ltr'><em>Hera-</em></span> 
     </span>
    </p>

    <p class='ocr_par' dir='ltr' id='par_1_11' title="bbox 74 1254 1202 1339">
     <span class='ocr_line' id='line_1_12' title="bbox 74 1254 1202 1339; baseline 0.001 -24"><span class='ocrx_word' id='word_1_93' title='bbox 74 1255 216 1318; x_wconf 88' lang='lat' dir='ltr'><em>cliaene</em></span> <span class='ocrx_word' id='word_1_94' title='bbox 240 1278 315 1320; x_wconf 91' lang='lat' dir='ltr'><em>esse</em></span> <span class='ocrx_word' id='word_1_95' title='bbox 339 1266 411 1320; x_wconf 90' lang='lat' dir='ltr'><em>tum</em></span> <span class='ocrx_word' id='word_1_96' title='bbox 426 1258 610 1339; x_wconf 90' lang='lat' dir='ltr'><em>ascriptum</em></span> <span class='ocrx_word' id='word_1_97' title='bbox 635 1254 795 1336; x_wconf 82' lang='lat' dir='ltr'><em>negabis?</em></span> <span class='ocrx_word' id='word_1_98' title='bbox 820 1254 930 1319; x_wconf 87' lang='lat' dir='ltr'><strong>Adest</strong></span> <span class='ocrx_word' id='word_1_99' title='bbox 953 1255 1003 1316; x_wconf 91' lang='lat' dir='ltr'><em>vir</em></span> <span class='ocrx_word' id='word_1_100' title='bbox 1018 1273 1151 1318; x_wconf 90' lang='lat' dir='ltr'><em>summa</em></span> <span class='ocrx_word' id='word_1_101' title='bbox 1172 1289 1202 1324; x_wconf 81' lang='lat'><em>10</em></span> 
     </span>
    </p>

    <p class='ocr_par' dir='ltr' id='par_1_12' title="bbox 74 1349 1150 1435">
     <span class='ocr_line' id='line_1_13' title="bbox 74 1349 1150 1435; baseline 0.001 -24"><span class='ocrx_word' id='word_1_102' title='bbox 74 1354 291 1416; x_wconf 89' lang='lat' dir='ltr'><em>auctoritate</em></span> <span class='ocrx_word' id='word_1_103' title='bbox 306 1362 342 1416; x_wconf 90' lang='lat' dir='ltr'><em>et</em></span> <span class='ocrx_word' id='word_1_104' title='bbox 364 1353 524 1435; x_wconf 85' lang='lat' dir='ltr'><em>religione</em></span> <span class='ocrx_word' id='word_1_105' title='bbox 539 1362 574 1416; x_wconf 92' lang='lat' dir='ltr'><em>et</em></span> <span class='ocrx_word' id='word_1_106' title='bbox 598 1351 674 1424; x_wconf 83' lang='lat' dir='ltr'><em>fide,</em></span> <span class='ocrx_word' id='word_1_107' title='bbox 693 1351 740 1414; x_wconf 90' lang='lat' dir='ltr'><em>M.</em></span> <span class='ocrx_word' id='word_1_108' title='bbox 758 1350 927 1423; x_wconf 84' lang='lat' dir='ltr'>Lucullus,</span> <span class='ocrx_word' id='word_1_109' title='bbox 946 1349 1004 1432; x_wconf 94' lang='lat' dir='ltr'><em>qui</em></span> <span class='ocrx_word' id='word_1_110' title='bbox 1028 1369 1150 1415; x_wconf 89' lang='lat' dir='ltr'><em>senon</em></span> 
     </span>
    </p>

    <p class='ocr_par' dir='ltr' id='par_1_13' title="bbox 74 1447 1149 1528">
     <span class='ocr_line' id='line_1_14' title="bbox 74 1447 1149 1528; baseline 0.002 -22"><span class='ocrx_word' id='word_1_111' title='bbox 74 1449 221 1528; x_wconf 87' lang='lat' dir='ltr'><em>opinari</em></span> <span class='ocrx_word' id='word_1_112' title='bbox 252 1449 313 1511; x_wconf 88' lang='lat' dir='ltr'><em>sed</em></span> <span class='ocrx_word' id='word_1_113' title='bbox 344 1450 440 1522; x_wconf 87' lang='lat' dir='ltr'><em>scire,</em></span> <span class='ocrx_word' id='word_1_114' title='bbox 466 1470 531 1511; x_wconf 92' lang='lat' dir='ltr'><em>non</em></span> <span class='ocrx_word' id='word_1_115' title='bbox 555 1449 687 1510; x_wconf 87' lang='lat' dir='ltr'><em>audisse</em></span> <span class='ocrx_word' id='word_1_116' title='bbox 710 1447 770 1508; x_wconf 89' lang='lat' dir='ltr'><em>sed</em></span> <span class='ocrx_word' id='word_1_117' title='bbox 801 1447 933 1520; x_wconf 88' lang='lat' dir='ltr'><em>vidisse,</em></span> <span class='ocrx_word' id='word_1_118' title='bbox 960 1466 1027 1508; x_wconf 89' lang='lat' dir='ltr'><em>non</em></span> <span class='ocrx_word' id='word_1_119' title='bbox 1051 1447 1149 1510; x_wconf 90' lang='lat' dir='ltr'><em>inter-</em></span> 
     </span>
    </p>

    <p class='ocr_par' dir='ltr' id='par_1_14' title="bbox 77 1542 1150 1628">
     <span class='ocr_line' id='line_1_15' title="bbox 77 1542 1150 1628; baseline 0.001 -25"><span class='ocrx_word' id='word_1_120' title='bbox 77 1544 186 1610; x_wconf 84' lang='lat' dir='ltr'>fuisse</span> <span class='ocrx_word' id='word_1_121' title='bbox 222 1546 285 1610; x_wconf 90' lang='lat' dir='ltr'><em>sed</em></span> <span class='ocrx_word' id='word_1_122' title='bbox 316 1545 424 1628; x_wconf 83' lang='lat' dir='ltr'><em>egisse</em></span> <span class='ocrx_word' id='word_1_123' title='bbox 454 1547 546 1608; x_wconf 91' lang='lat' dir='ltr'><em>dicit.</em></span> <span class='ocrx_word' id='word_1_124' title='bbox 603 1544 740 1606; x_wconf 89' lang='lat' dir='ltr'>Adsunt</span> <span class='ocrx_word' id='word_1_125' title='bbox 771 1542 1004 1608; x_wconf 88' lang='lat' dir='ltr'><em>Heraclienses</em></span> <span class='ocrx_word' id='word_1_126' title='bbox 1039 1543 1150 1624; x_wconf 85' lang='lat' dir='ltr'><em>legati,</em></span> 
     </span>
    </p>

    <p class='ocr_par' dir='ltr' id='par_1_15' title="bbox 78 1640 1151 1722">
     <span class='ocr_line' id='line_1_16' title="bbox 78 1640 1151 1722; baseline -0.007 -14"><span class='ocrx_word' id='word_1_127' title='bbox 78 1642 290 1708; x_wconf 84' lang='lat' dir='ltr'><em>nobilissimi</em></span> <span class='ocrx_word' id='word_1_128' title='bbox 314 1642 486 1705; x_wconf 90' lang='lat' dir='ltr'><em>homines:</em></span> <span class='ocrx_word' id='word_1_129' title='bbox 514 1640 613 1722; x_wconf 85' lang='lat' dir='ltr'><em>hujus</em></span> <span class='ocrx_word' id='word_1_130' title='bbox 633 1640 738 1721; x_wconf 86' lang='lat' dir='ltr'><em>judici</em></span> <span class='ocrx_word' id='word_1_131' title='bbox 762 1659 965 1702; x_wconf 89' lang='lat' dir='ltr'><em>causacum</em></span> <span class='ocrx_word' id='word_1_132' title='bbox 986 1641 1151 1702; x_wconf 88' lang='lat' dir='ltr'><em>mandatis</em></span> 
     </span>
    </p>

    <p class='ocr_par' dir='ltr' id='par_1_16' title="bbox 78 1731 1200 1821">
     <span class='ocr_line' id='line_1_17' title="bbox 78 1731 1200 1821; baseline -0.006 -19"><span class='ocrx_word' id='word_1_133' title='bbox 78 1751 221 1804; x_wconf 89' lang='lat' dir='ltr'><em>etcum</em></span> <span class='ocrx_word' id='word_1_134' title='bbox 243 1737 379 1819; x_wconf 89' lang='lat' dir='ltr'><em>publico</em></span> <span class='ocrx_word' id='word_1_135' title='bbox 396 1737 588 1800; x_wconf 89' lang='lat' dir='ltr'><em>testimonio</em></span> <span class='ocrx_word' id='word_1_136' title='bbox 607 1731 804 1821; x_wconf 87' lang='lat' dir='ltr'><em>[venerunt]</em></span> <span class='ocrx_word' id='word_1_137' title='bbox 821 1755 827 1810; x_wconf 88' lang='lat'>;</span> <span class='ocrx_word' id='word_1_138' title='bbox 844 1735 902 1817; x_wconf 88' lang='lat' dir='ltr'><em>qui</em></span> <span class='ocrx_word' id='word_1_139' title='bbox 919 1735 1008 1797; x_wconf 91' lang='lat' dir='ltr'><em>hunc</em></span> <span class='ocrx_word' id='word_1_140' title='bbox 1026 1736 1150 1818; x_wconf 89' lang='lat' dir='ltr'><em>ascrip-</em></span> <span class='ocrx_word' id='word_1_141' title='bbox 1171 1771 1200 1821; x_wconf 83' lang='lat'><em>15</em></span> 
     </span>
    </p>

    <p class='ocr_par' dir='ltr' id='par_1_17' title="bbox 78 1830 1150 1898">
     <span class='ocr_line' id='line_1_18' title="bbox 78 1830 1150 1898; baseline -0.003 -1"><span class='ocrx_word' id='word_1_142' title='bbox 78 1841 155 1898; x_wconf 81' lang='lat' dir='ltr'><em>tum</em></span> <span class='ocrx_word' id='word_1_143' title='bbox 194 1831 454 1896; x_wconf 88' lang='lat' dir='ltr'><em>Heracliensem</em></span> <span class='ocrx_word' id='word_1_144' title='bbox 486 1833 612 1896; x_wconf 90' lang='lat' dir='ltr'><em>dicunt.</em></span> <span class='ocrx_word' id='word_1_145' title='bbox 660 1831 727 1894; x_wconf 90' lang='lat' dir='ltr'><em>Hic</em></span> <span class='ocrx_word' id='word_1_146' title='bbox 754 1840 789 1894; x_wconf 88' lang='lat' dir='ltr'><em>tu</em></span> <span class='ocrx_word' id='word_1_147' title='bbox 818 1830 948 1892; x_wconf 91' lang='lat' dir='ltr'><em>tabulas</em></span> <span class='ocrx_word' id='word_1_148' title='bbox 979 1832 1150 1894; x_wconf 86' lang='lat' dir='ltr'><em>desideras</em></span> 
     </span>
    </p>

    <p class='ocr_par' dir='ltr' id='par_1_18' title="bbox 82 1925 1150 2011">
     <span class='ocr_line' id='line_1_19' title="bbox 82 1925 1150 2011; baseline -0.002 -18"><span class='ocrx_word' id='word_1_149' title='bbox 82 1928 362 1993; x_wconf 86' lang='lat' dir='ltr'><em>Heracliensium</em></span> <span class='ocrx_word' id='word_1_150' title='bbox 387 1929 557 2011; x_wconf 90' lang='lat' dir='ltr'><em>publicas:</em></span> <span class='ocrx_word' id='word_1_151' title='bbox 578 1949 663 2011; x_wconf 85' lang='lat' dir='ltr'><em>quas</em></span> <span class='ocrx_word' id='word_1_152' title='bbox 686 1925 803 1990; x_wconf 78' lang='lat' dir='ltr'><em>Italico</em></span> <span class='ocrx_word' id='word_1_153' title='bbox 828 1925 916 1988; x_wconf 91' lang='lat' dir='ltr'><em>bello</em></span> <span class='ocrx_word' id='word_1_154' title='bbox 945 1928 1081 1990; x_wconf 90' lang='lat' dir='ltr'><em>incenso</em></span> <span class='ocrx_word' id='word_1_155' title='bbox 1098 1938 1150 1991; x_wconf 86' lang='lat' dir='ltr'><em>ta-</em></span> 
     </span>
    </p>

    <p class='ocr_par' dir='ltr' id='par_1_19' title="bbox 80 2021 1153 2088">
     <span class='ocr_line' id='line_1_20' title="bbox 80 2021 1153 2088; baseline -0.001 -1"><span class='ocrx_word' id='word_1_156' title='bbox 80 2026 223 2088; x_wconf 88' lang='lat' dir='ltr'><em>bulario</em></span> <span class='ocrx_word' id='word_1_157' title='bbox 247 2025 399 2086; x_wconf 90' lang='lat' dir='ltr'><em>interisse</em></span> <span class='ocrx_word' id='word_1_158' title='bbox 422 2025 548 2087; x_wconf 90' lang='lat' dir='ltr'><em>scimus</em></span> <span class='ocrx_word' id='word_1_159' title='bbox 571 2024 691 2086; x_wconf 80' lang='lat' dir='ltr'><em>omnis,</em></span> <span class='ocrx_word' id='word_1_160' title='bbox 750 2021 811 2085; x_wconf 91' lang='lat' dir='ltr'><em>Est</em></span> <span class='ocrx_word' id='word_1_161' title='bbox 839 2023 1015 2085; x_wconf 90' lang='lat' dir='ltr'><em>ridiculum</em></span> <span class='ocrx_word' id='word_1_162' title='bbox 1045 2026 1087 2085; x_wconf 89' lang='lat' dir='ltr'><em>ad</em></span> <span class='ocrx_word' id='word_1_163' title='bbox 1111 2047 1153 2086; x_wconf 87' lang='lat' dir='ltr'><em>ea</em></span> 
     </span>
    </p>

    <p class='ocr_par' dir='ltr' id='par_1_20' title="bbox 82 2113 1151 2208">
     <span class='ocr_line' id='line_1_21' title="bbox 82 2113 1151 2208; baseline -0.002 -24"><span class='ocrx_word' id='word_1_164' title='bbox 82 2142 175 2204; x_wconf 88' lang='lat' dir='ltr'><em>quae</em></span> <span class='ocrx_word' id='word_1_165' title='bbox 201 2121 369 2185; x_wconf 89' lang='lat' dir='ltr'><em>habemus</em></span> <span class='ocrx_word' id='word_1_166' title='bbox 392 2121 474 2182; x_wconf 90' lang='lat' dir='ltr'><em>nihil</em></span> <span class='ocrx_word' id='word_1_167' title='bbox 497 2121 619 2208; x_wconf 79' lang='lat' dir='ltr'><em>dicere,</em></span> <span class='ocrx_word' id='word_1_168' title='bbox 636 2113 797 2202; x_wconf 81' lang='lat' dir='ltr'><em>quaerere</em></span> <span class='ocrx_word' id='word_1_169' title='bbox 819 2139 907 2201; x_wconf 92' lang='lat' dir='ltr'><em>quae</em></span> <span class='ocrx_word' id='word_1_170' title='bbox 935 2119 1058 2182; x_wconf 87' lang='lat' dir='ltr'><em>habere</em></span> <span class='ocrx_word' id='word_1_171' title='bbox 1085 2142 1151 2182; x_wconf 92' lang='lat' dir='ltr'><em>non</em></span> 
     </span>
    </p>

    <p class='ocr_par' dir='ltr' id='par_1_21' title="bbox 83 2207 1329 2300">
     <span class='ocr_line' id='line_1_22' title="bbox 83 2207 1222 2300; baseline -0.001 -21"><span class='ocrx_word' id='word_1_172' title='bbox 83 2237 292 2298; x_wconf 87' lang='lat' dir='ltr'><em>possumus;</em></span> <span class='ocrx_word' id='word_1_173' title='bbox 318 2228 353 2280; x_wconf 89' lang='lat' dir='ltr'><em>et</em></span> <span class='ocrx_word' id='word_1_174' title='bbox 374 2217 418 2279; x_wconf 88' lang='lat' dir='ltr'><em>de</em></span> <span class='ocrx_word' id='word_1_175' title='bbox 442 2216 616 2280; x_wconf 91' lang='lat' dir='ltr'><em>hominum</em></span> <span class='ocrx_word' id='word_1_176' title='bbox 641 2215 803 2300; x_wconf 61' lang='lat' dir='ltr'><em>mQria</em></span> <span class='ocrx_word' id='word_1_177' title='bbox 826 2223 947 2288; x_wconf 88' lang='lat' dir='ltr'><em>tacere,</em></span> <span class='ocrx_word' id='word_1_178' title='bbox 969 2216 1150 2278; x_wconf 88' lang='lat' dir='ltr'><em>litterarum</em></span> <span class='ocrx_word' id='word_1_179' title='bbox 1169 2207 1222 2288; x_wconf 57' lang='grc' dir='ltr'><em>,ἒς-</em></span> 
     </span>
    </p>

    <p class='ocr_par' dir='ltr' id='par_1_22' title="bbox 18 2309 1329 2491">
     <span class='ocr_line' id='line_1_23' title="bbox 85 2309 1329 2394; baseline 0.002 -21"><span class='ocrx_word' id='word_1_180' title='bbox 85 2314 291 2376; x_wconf 87' lang='lat' dir='ltr'><em>memoriam</em></span> <span class='ocrx_word' id='word_1_181' title='bbox 324 2311 492 2394; x_wconf 85' lang='lat' dir='ltr'><em>flagitare;</em></span> <span class='ocrx_word' id='word_1_182' title='bbox 512 2321 556 2385; x_wconf 88' lang='lat' dir='ltr'><em>et,</em></span> <span class='ocrx_word' id='word_1_183' title='bbox 592 2330 670 2372; x_wconf 91' lang='lat' dir='ltr'><em>cum</em></span> <span class='ocrx_word' id='word_1_184' title='bbox 703 2309 827 2372; x_wconf 89' lang='lat' dir='ltr'><em>habeas</em></span> <span class='ocrx_word' id='word_1_185' title='bbox 863 2311 1058 2394; x_wconf 87' lang='lat' dir='ltr'><em>amplissimi</em></span> <span class='ocrx_word' id='word_1_186' title='bbox 1091 2314 1152 2376; x_wconf 91' lang='lat' dir='ltr'><em>viri</em></span> <span class='ocrx_word' id='word_1_187' title='bbox 1328 2321 1329 2326; x_wconf 76' lang='grc'>’</span> 
     </span>
     <span class='ocr_line' id='line_1_24' title="bbox 18 2405 1152 2491; baseline 0.003 -22"><span class='ocrx_word' id='word_1_188' title='bbox 18 2440 24 2457; x_wconf 69' lang='grc' dir='ltr'>ι</span> <span class='ocrx_word' id='word_1_189' title='bbox 86 2409 300 2491; x_wconf 83' lang='lat' dir='ltr'><em>religionem,</em></span> <span class='ocrx_word' id='word_1_190' title='bbox 324 2408 528 2490; x_wconf 86' lang='lat' dir='ltr'><em>integerrimi</em></span> <span class='ocrx_word' id='word_1_191' title='bbox 553 2406 713 2487; x_wconf 91' lang='lat' dir='ltr'><em>municipi</em></span> <span class='ocrx_word' id='word_1_192' title='bbox 741 2405 795 2487; x_wconf 84' lang='lat' dir='ltr'><em>jus</em></span> <span class='ocrx_word' id='word_1_193' title='bbox 825 2406 1005 2488; x_wconf 86' lang='lat' dir='ltr'><em>jurandum</em></span> <span class='ocrx_word' id='word_1_194' title='bbox 1035 2409 1152 2472; x_wconf 86' lang='lat' dir='ltr'><em>fidem-</em></span> 
     </span>
    </p>

    <p class='ocr_par' dir='ltr' id='par_1_23' title="bbox 87 2502 1152 2586">
     <span class='ocr_line' id='line_1_25' title="bbox 87 2502 1152 2586; baseline 0 -20"><span class='ocrx_word' id='word_1_195' title='bbox 87 2525 165 2584; x_wconf 88' lang='lat' dir='ltr'><em>que,</em></span> <span class='ocrx_word' id='word_1_196' title='bbox 184 2527 228 2568; x_wconf 90' lang='lat' dir='ltr'><em>ea</em></span> <span class='ocrx_word' id='word_1_197' title='bbox 253 2524 339 2586; x_wconf 89' lang='lat' dir='ltr'><em>quae</em></span> <span class='ocrx_word' id='word_1_198' title='bbox 356 2503 531 2586; x_wconf 86' lang='lat' dir='ltr'><em>depravari</em></span> <span class='ocrx_word' id='word_1_199' title='bbox 555 2502 646 2565; x_wconf 90' lang='lat' dir='ltr'><em>nullo</em></span> <span class='ocrx_word' id='word_1_200' title='bbox 669 2503 772 2564; x_wconf 90' lang='lat' dir='ltr'><em>modo</em></span> <span class='ocrx_word' id='word_1_201' title='bbox 796 2514 938 2584; x_wconf 89' lang='lat' dir='ltr'><em>possunt</em></span> <span class='ocrx_word' id='word_1_202' title='bbox 965 2505 1152 2586; x_wconf 85' lang='lat' dir='ltr'><em>repudiare,</em></span> 
     </span>
    </p>

    <p class='ocr_par' dir='ltr' id='par_1_24' title="bbox 91 2598 1147 2690">
     <span class='ocr_line' id='line_1_26' title="bbox 91 2598 1147 2690; baseline 0.002 -30"><span class='ocrx_word' id='word_1_203' title='bbox 91 2601 242 2674; x_wconf 86' lang='lat' dir='ltr'><em>tabulas,</em></span> <span class='ocrx_word' id='word_1_204' title='bbox 258 2621 343 2683; x_wconf 89' lang='lat' dir='ltr'><em>quas</em></span> <span class='ocrx_word' id='word_1_205' title='bbox 366 2600 456 2663; x_wconf 88' lang='lat' dir='ltr'><em>idem</em></span> <span class='ocrx_word' id='word_1_206' title='bbox 471 2600 556 2662; x_wconf 89' lang='lat' dir='ltr'><em>dicis</em></span> <span class='ocrx_word' id='word_1_207' title='bbox 579 2598 687 2661; x_wconf 88' lang='lat' dir='ltr'><em>solere</em></span> <span class='ocrx_word' id='word_1_208' title='bbox 702 2600 884 2682; x_wconf 88' lang='lat' dir='ltr'><em>corrumpi,</em></span> <span class='ocrx_word' id='word_1_209' title='bbox 905 2601 1147 2690; x_wconf 68' lang='lat' dir='ltr'><em>desideraresy</em></span> 
     </span>
    </p>
   </div>
   <div class='ocr_carea' id='block_1_3' title="bbox 89 2704 1280 3754">
    <p class='ocr_par' dir='ltr' id='par_1_25' title="bbox 89 2704 1280 3754">
     <span class='ocr_line' id='line_1_27' title="bbox 134 2704 1201 2789; baseline 0.001 -20"><span class='ocrx_word' id='word_1_210' title='bbox 134 2721 166 2760; x_wconf 75' lang='lat'><em>⁹·</em></span> <span class='ocrx_word' id='word_1_211' title='bbox 195 2707 252 2769; x_wconf 90' lang='lat' dir='ltr'><em>An</em></span> <span class='ocrx_word' id='word_1_212' title='bbox 268 2707 476 2769; x_wconf 91' lang='lat' dir='ltr'><em>domicilium</em></span> <span class='ocrx_word' id='word_1_213' title='bbox 493 2706 622 2768; x_wconf 89' lang='lat' dir='ltr'><em>Romae</em></span> <span class='ocrx_word' id='word_1_214' title='bbox 639 2725 706 2767; x_wconf 91' lang='lat' dir='ltr'><em>non</em></span> <span class='ocrx_word' id='word_1_215' title='bbox 724 2704 842 2768; x_wconf 86' lang='lat' dir='ltr'><em>habuit</em></span> <span class='ocrx_word' id='word_1_216' title='bbox 858 2707 895 2780; x_wconf 88' lang='lat' dir='ltr'><em>is,</em></span> <span class='ocrx_word' id='word_1_217' title='bbox 913 2707 971 2789; x_wconf 91' lang='lat' dir='ltr'><em>qui</em></span> <span class='ocrx_word' id='word_1_218' title='bbox 989 2717 1040 2770; x_wconf 92' lang='lat' dir='ltr'><em>tot</em></span> <span class='ocrx_word' id='word_1_219' title='bbox 1057 2709 1152 2770; x_wconf 91' lang='lat' dir='ltr'><em>annis</em></span> <span class='ocrx_word' id='word_1_220' title='bbox 1169 2732 1201 2785; x_wconf 79' lang='lat'><em>25</em></span> 
     </span>
     <span class='ocr_line' id='line_1_28' title="bbox 89 2801 1152 2866; baseline 0.002 -4"><span class='ocrx_word' id='word_1_221' title='bbox 89 2811 168 2865; x_wconf 88' lang='lat' dir='ltr'><em>ante</em></span> <span class='ocrx_word' id='word_1_222' title='bbox 195 2803 364 2866; x_wconf 88' lang='lat' dir='ltr'><em>civitatem</em></span> <span class='ocrx_word' id='word_1_223' title='bbox 387 2802 502 2864; x_wconf 89' lang='lat' dir='ltr'><em>datam</em></span> <span class='ocrx_word' id='word_1_224' title='bbox 525 2803 640 2863; x_wconf 84' lang='lat' dir='ltr'><em>sedem</em></span> <span class='ocrx_word' id='word_1_225' title='bbox 666 2801 816 2862; x_wconf 90' lang='lat' dir='ltr'><em>omnium</em></span> <span class='ocrx_word' id='word_1_226' title='bbox 851 2821 960 2864; x_wconf 88' lang='lat' dir='ltr'><em>rerum</em></span> <span class='ocrx_word' id='word_1_227' title='bbox 986 2823 1025 2866; x_wconf 89' lang='lat' dir='ltr'><em>ac</em></span> <span class='ocrx_word' id='word_1_228' title='bbox 1051 2801 1152 2866; x_wconf 86' lang='lat' dir='ltr'><em>fortu-</em></span> 
     </span>
     <span class='ocr_line' id='line_1_29' title="bbox 91 2896 1151 2981; baseline 0.004 -25"><span class='ocrx_word' id='word_1_229' title='bbox 91 2916 213 2960; x_wconf 90' lang='lat' dir='ltr'><em>narum</em></span> <span class='ocrx_word' id='word_1_230' title='bbox 236 2917 372 2960; x_wconf 91' lang='lat' dir='ltr'><em>suarum</em></span> <span class='ocrx_word' id='word_1_231' title='bbox 405 2897 535 2958; x_wconf 90' lang='lat' dir='ltr'><em>Romae</em></span> <span class='ocrx_word' id='word_1_232' title='bbox 560 2896 768 2958; x_wconf 82' lang='lat' dir='ltr'><em>conlocavit?</em></span> <span class='ocrx_word' id='word_1_233' title='bbox 820 2897 869 2961; x_wconf 89' lang='lat' dir='ltr'><em>At</em></span> <span class='ocrx_word' id='word_1_234' title='bbox 900 2909 1043 2960; x_wconf 87' lang='lat' dir='ltr'><em>nonest</em></span> <span class='ocrx_word' id='word_1_235' title='bbox 1075 2919 1151 2981; x_wconf 92' lang='lat' dir='ltr'><em>pro-</em></span> 
     </span>
     <span class='ocr_line' id='line_1_30' title="bbox 91 2991 1270 3077; baseline 0.003 -25"><span class='ocrx_word' id='word_1_236' title='bbox 91 2991 211 3057; x_wconf 79' lang='lat' dir='ltr'><em>fessus.</em></span> <span class='ocrx_word' id='word_1_237' title='bbox 260 2993 369 3056; x_wconf 91' lang='lat' dir='ltr'><em>Immo</em></span> <span class='ocrx_word' id='word_1_238' title='bbox 393 3012 472 3055; x_wconf 89' lang='lat' dir='ltr'><em>vero</em></span> <span class='ocrx_word' id='word_1_239' title='bbox 495 2994 543 3055; x_wconf 90' lang='lat' dir='ltr'><em>eis</em></span> <span class='ocrx_word' id='word_1_240' title='bbox 575 2993 697 3056; x_wconf 90' lang='lat' dir='ltr'><em>tabulis</em></span> <span class='ocrx_word' id='word_1_241' title='bbox 732 2994 912 3077; x_wconf 66' lang='lat' dir='ltr'><em>professus</em></span> <span class='ocrx_word' id='word_1_242' title='bbox 939 3015 1026 3076; x_wconf 90' lang='lat' dir='ltr'><em>quae</em></span> <span class='ocrx_word' id='word_1_243' title='bbox 1060 2995 1152 3056; x_wconf 89' lang='lat' dir='ltr'><em>solae</em></span> <span class='ocrx_word' id='word_1_244' title='bbox 1224 3065 1226 3072; x_wconf 27' lang='lat'><strong>¹</strong></span> <span class='ocrx_word' id='word_1_245' title='bbox 1268 3061 1270 3071; x_wconf 61' lang='grc'>,</span> 
     </span>
     <span class='ocr_line' id='line_1_31' title="bbox 93 3082 1280 3173; baseline 0.003 -25"><span class='ocrx_word' id='word_1_246' title='bbox 93 3107 139 3150; x_wconf 88' lang='lat' dir='ltr'><em>ex</em></span> <span class='ocrx_word' id='word_1_247' title='bbox 154 3090 211 3152; x_wconf 93' lang='lat' dir='ltr'><em>illa</em></span> <span class='ocrx_word' id='word_1_248' title='bbox 227 3089 433 3172; x_wconf 81' lang='lat' dir='ltr'><em>professione</em></span> <span class='ocrx_word' id='word_1_249' title='bbox 445 3089 666 3172; x_wconf 83' lang='lat' dir='ltr'><em>conlegioque</em></span> <span class='ocrx_word' id='word_1_250' title='bbox 684 3101 876 3173; x_wconf 88' lang='lat' dir='ltr'><em>praetorum</em></span> <span class='ocrx_word' id='word_1_251' title='bbox 896 3089 1048 3154; x_wconf 81' lang='lat' dir='ltr'><em>obtinent</em></span> <span class='ocrx_word' id='word_1_252' title='bbox 1066 3091 1151 3173; x_wconf 91' lang='lat' dir='ltr'><em>pub·</em></span> <span class='ocrx_word' id='word_1_253' title='bbox 1171 3095 1207 3130; x_wconf 78' lang='lat' dir='ltr'><em>u.</em></span> <span class='ocrx_word' id='word_1_254' title='bbox 1264 3082 1280 3105; x_wconf 74' lang='lat'><em>“</em></span> 
     </span>
     <span class='ocr_line' id='line_1_32' title="bbox 95 3181 1203 3269; baseline 0.007 -27"><span class='ocrx_word' id='word_1_255' title='bbox 95 3181 234 3248; x_wconf 88' lang='lat' dir='ltr'><em>licarum</em></span> <span class='ocrx_word' id='word_1_256' title='bbox 258 3186 446 3248; x_wconf 90' lang='lat' dir='ltr'><em>tabularum</em></span> <span class='ocrx_word' id='word_1_257' title='bbox 462 3187 705 3250; x_wconf 90' lang='lat' dir='ltr'><em>auctoritatem.</em></span> <span class='ocrx_word' id='word_1_258' title='bbox 754 3209 783 3248; x_wconf 92' lang='lat' dir='ltr'><em>v.</em></span> <span class='ocrx_word' id='word_1_259' title='bbox 809 3187 1031 3248; x_wconf 88' lang='lat' dir='ltr'><em>Nam-cum</em></span> <span class='ocrx_word' id='word_1_260' title='bbox 1057 3187 1151 3269; x_wconf 82' lang='lat' dir='ltr'><em>Appi</em></span> <span class='ocrx_word' id='word_1_261' title='bbox 1168 3215 1203 3265; x_wconf 83' lang='lat'><em>30</em></span> 
     </span>
     <span class='ocr_line' id='line_1_33' title="bbox 98 3279 1151 3363; baseline 0.006 -25"><span class='ocrx_word' id='word_1_262' title='bbox 98 3279 230 3345; x_wconf 88' lang='lat' dir='ltr'><em>tabulae</em></span> <span class='ocrx_word' id='word_1_263' title='bbox 261 3282 491 3363; x_wconf 86' lang='lat' dir='ltr'><em>neglegentius</em></span> <span class='ocrx_word' id='word_1_264' title='bbox 528 3283 720 3346; x_wconf 87' lang='lat' dir='ltr'><em>adservatae</em></span> <span class='ocrx_word' id='word_1_265' title='bbox 753 3283 959 3357; x_wconf 87' lang='lat' dir='ltr'><em>dicerentur;</em></span> <span class='ocrx_word' id='word_1_266' title='bbox 1020 3282 1151 3355; x_wconf 85' lang='lat' dir='ltr'><em>Gabini,</em></span> 
     </span>
     <span class='ocr_line' id='line_1_34' title="bbox 97 3378 1151 3460; baseline 0.001 -21"><span class='ocrx_word' id='word_1_267' title='bbox 97 3393 198 3455; x_wconf 89' lang='lat' dir='ltr'><em>quam</em></span> <span class='ocrx_word' id='word_1_268' title='bbox 230 3379 287 3440; x_wconf 92' lang='lat' dir='ltr'><em>diu</em></span> <span class='ocrx_word' id='word_1_269' title='bbox 327 3378 502 3440; x_wconf 90' lang='lat' dir='ltr'><em>incolumis</em></span> <span class='ocrx_word' id='word_1_270' title='bbox 532 3378 604 3452; x_wconf 85' lang='lat' dir='ltr'><em>suit,</em></span> <span class='ocrx_word' id='word_1_271' title='bbox 630 3379 754 3454; x_wconf 65' lang='lat' dir='ltr'><em>levitas</em></span> <span class='ocrx_word' id='word_1_272' title='bbox 781 3389 860 3460; x_wconf 91' lang='lat' dir='ltr'><em>post</em></span> <span class='ocrx_word' id='word_1_273' title='bbox 902 3379 1151 3442; x_wconf 87' lang='lat' dir='ltr'><em>damnationem</em></span> 
     </span>
     <span class='ocr_line' id='line_1_35' title="bbox 99 3472 1151 3558; baseline 0.007 -28"><span class='ocrx_word' id='word_1_274' title='bbox 99 3472 267 3536; x_wconf 89' lang='lat' dir='ltr'><em>calamitas</em></span> <span class='ocrx_word' id='word_1_275' title='bbox 298 3494 433 3537; x_wconf 89' lang='lat' dir='ltr'><em>omnem</em></span> <span class='ocrx_word' id='word_1_276' title='bbox 464 3476 653 3539; x_wconf 89' lang='lat' dir='ltr'><em>tabularum</em></span> <span class='ocrx_word' id='word_1_277' title='bbox 678 3477 779 3539; x_wconf 86' lang='lat' dir='ltr'><em>fidem</em></span> <span class='ocrx_word' id='word_1_278' title='bbox 813 3476 1151 3558; x_wconf 87' lang='lat' dir='ltr'><em>resignasset-Me-</em></span> 
     </span>
     <span class='ocr_line' id='line_1_36' title="bbox 99 3567 1151 3656; baseline 0.006 -28"><span class='ocrx_word' id='word_1_279' title='bbox 99 3567 204 3644; x_wconf 85' lang='lat' dir='ltr'><em>tellus,</em></span> <span class='ocrx_word' id='word_1_280' title='bbox 234 3571 336 3632; x_wconf 90' lang='lat' dir='ltr'><em>homo</em></span> <span class='ocrx_word' id='word_1_281' title='bbox 367 3572 595 3635; x_wconf 89' lang='lat' dir='ltr'><em>sanctissimus</em></span> <span class='ocrx_word' id='word_1_282' title='bbox 627 3573 959 3656; x_wconf 89' lang='lat' dir='ltr'><em>modestissimusque</em></span> <span class='ocrx_word' id='word_1_283' title='bbox 990 3574 1151 3645; x_wconf 85' lang='lat' dir='ltr'><em>omnium,</em></span> 
     </span>
     <span class='ocr_line' id='line_1_37' title="bbox 100 3668 1200 3754; baseline 0.008 -31"><span class='ocrx_word' id='word_1_284' title='bbox 100 3671 189 3730; x_wconf 88' lang='lat' dir='ltr'><em>tanta</em></span> <span class='ocrx_word' id='word_1_285' title='bbox 211 3668 383 3748; x_wconf 87' lang='lat' dir='ltr'><em>diligentia</em></span> <span class='ocrx_word' id='word_1_286' title='bbox 406 3668 477 3742; x_wconf 89' lang='lat' dir='ltr'><em>suit,</em></span> <span class='ocrx_word' id='word_1_287' title='bbox 502 3678 540 3732; x_wconf 90' lang='lat' dir='ltr'><em>ut</em></span> <span class='ocrx_word' id='word_1_288' title='bbox 562 3669 604 3732; x_wconf 88' lang='lat' dir='ltr'><em>ad</em></span> <span class='ocrx_word' id='word_1_289' title='bbox 636 3669 674 3735; x_wconf 86' lang='lat' dir='ltr'><em>L.</em></span> <span class='ocrx_word' id='word_1_290' title='bbox 700 3670 878 3733; x_wconf 90' lang='lat' dir='ltr'><em>Lentulum</em></span> <span class='ocrx_word' id='word_1_291' title='bbox 904 3683 1092 3754; x_wconf 88' lang='lat' dir='ltr'><em>praetorem</em></span> <span class='ocrx_word' id='word_1_292' title='bbox 1118 3680 1153 3732; x_wconf 86' lang='lat' dir='ltr'><em>et</em></span> <span class='ocrx_word' id='word_1_293' title='bbox 1168 3697 1200 3747; x_wconf 79' lang='lat'><em>35</em></span> 
     </span>
    </p>
   </div>
   <div class='ocr_carea' id='block_1_4' title="bbox 102 3763 1150 3843">
    <p class='ocr_par' dir='ltr' id='par_1_26' title="bbox 102 3763 1150 3843">
     <span class='ocr_line' id='line_1_38' title="bbox 102 3763 1150 3843; baseline 0.01 -23"><span class='ocrx_word' id='word_1_294' title='bbox 102 3764 139 3822; x_wconf 86' lang='lat' dir='ltr'><em>ad</em></span> <span class='ocrx_word' id='word_1_295' title='bbox 160 3763 292 3843; x_wconf 83' lang='lat' dir='ltr'><em>judices</em></span> <span class='ocrx_word' id='word_1_296' title='bbox 314 3765 453 3838; x_wconf 86' lang='lat' dir='ltr'><em>venerit,</em></span> <span class='ocrx_word' id='word_1_297' title='bbox 470 3774 504 3829; x_wconf 93' lang='lat' dir='ltr'><em>et</em></span> <span class='ocrx_word' id='word_1_298' title='bbox 526 3766 624 3830; x_wconf 87' lang='lat' dir='ltr'><em>unius</em></span> <span class='ocrx_word' id='word_1_299' title='bbox 648 3765 791 3831; x_wconf 90' lang='lat' dir='ltr'><em>nominis</em></span> <span class='ocrx_word' id='word_1_300' title='bbox 817 3767 914 3831; x_wconf 88' lang='lat' dir='ltr'><em>litura</em></span> <span class='ocrx_word' id='word_1_301' title='bbox 937 3791 972 3831; x_wconf 88' lang='lat' dir='ltr'><em>se</em></span> <span class='ocrx_word' id='word_1_302' title='bbox 1000 3790 1150 3831; x_wconf 86' lang='lat' dir='ltr'><em>commo-</em></span> 
     </span>
    </p>
   </div>
   <div class='ocr_carea' id='block_1_5' title="bbox 0 0 1380 4262">
    <p class='ocr_par' dir='ltr' id='par_1_27' title="bbox 0 0 1380 4262">
     <span class='ocr_line' id='line_1_39' title="bbox 0 0 1380 4262; baseline 0 0"><span class='ocrx_word' id='word_1_303' title='bbox 0 0 1380 4262; x_wconf 95' lang='lat' dir='ltr'><em> </em></span> 
     </span>
    </p>
   </div>
  </div>
 </body>
</html>
