<?xml version="1.0" encoding="UTF-8"?>
<!DOCTYPE html PUBLIC "-//W3C//DTD XHTML 1.0 Transitional//EN"
    "http://www.w3.org/TR/xhtml1/DTD/xhtml1-transitional.dtd">
<html xmlns="http://www.w3.org/1999/xhtml" xml:lang="en" lang="en">
 <head>
  <title>
</title>
<meta http-equiv="Content-Type" content="text/html;charset=utf-8" />
  <meta name='ocr-system' content='tesseract 3.04.00' />
  <meta name='ocr-capabilities' content='ocr_page ocr_carea ocr_par ocr_line ocrx_word'/>
</head>
<body>
  <div class='ocr_page' id='page_1' title='image "./selectorationsc00greegoog_0256.png"; bbox 0 0 2716 4266; ppageno 0'>
   <div class='ocr_carea' id='block_1_1' title="bbox 115 196 1172 287">
    <p class='ocr_par' dir='ltr' id='par_1_1' title="bbox 115 196 1172 287">
     <span class='ocr_line' id='line_1_1' title="bbox 115 196 1172 287; baseline -0.005 -18"><span class='ocrx_word' id='word_1_1' title='bbox 115 216 156 258; x_wconf 76' lang='lat' dir='ltr'>1x·</span> <span class='ocrx_word' id='word_1_2' title='bbox 172 201 230 274; x_wconf 81' lang='grc'>27·]</span> <span class='ocrx_word' id='word_1_3' title='bbox 310 202 382 270; x_wconf 88' lang='lat' dir='ltr'>His</span> <span class='ocrx_word' id='word_1_4' title='bbox 404 201 568 268; x_wconf 79' lang='lat' dir='ltr'>Enemies</span> <span class='ocrx_word' id='word_1_5' title='bbox 592 201 628 265; x_wconf 78' lang='lat' dir='ltr'>in</span> <span class='ocrx_word' id='word_1_6' title='bbox 652 199 709 265; x_wconf 80' lang='lat' dir='ltr'>the</span> <span class='ocrx_word' id='word_1_7' title='bbox 731 219 825 263; x_wconf 83' lang='lat' dir='ltr'>same</span> <span class='ocrx_word' id='word_1_8' title='bbox 847 196 970 263; x_wconf 80' lang='lat' dir='ltr'>Fault.</span> <span class='ocrx_word' id='word_1_9' title='bbox 1106 215 1172 287; x_wconf 84' lang='lat'>229</span> 
     </span>
    </p>
   </div>
   <div class='ocr_carea' id='block_1_2' title="bbox 113 399 1231 4000">
    <p class='ocr_par' dir='ltr' id='par_1_2' title="bbox 113 399 1224 1995">
     <span class='ocr_line' id='line_1_2' title="bbox 113 399 1171 495; baseline -0.008 -23"><span class='ocrx_word' id='word_1_10' title='bbox 113 424 325 495; x_wconf 87' lang='lat' dir='ltr'>quamquam</span> <span class='ocrx_word' id='word_1_11' title='bbox 346 404 430 491; x_wconf 92' lang='lat' dir='ltr'>quid</span> <span class='ocrx_word' id='word_1_12' title='bbox 455 401 577 468; x_wconf 82' lang='lat' dir='ltr'>facturi</span> <span class='ocrx_word' id='word_1_13' title='bbox 594 400 724 466; x_wconf 84' lang='lat' dir='ltr'>fueritis</span> <span class='ocrx_word' id='word_1_14' title='bbox 740 401 905 476; x_wconf 87' lang='lat' dir='ltr'>dubitem,</span> <span class='ocrx_word' id='word_1_15' title='bbox 930 421 1009 465; x_wconf 91' lang='lat' dir='ltr'>cum</span> <span class='ocrx_word' id='word_1_16' title='bbox 1033 399 1171 466; x_wconf 88' lang='lat' dir='ltr'>videam</span> 
     </span>
     <span class='ocr_line' id='line_1_3' title="bbox 113 501 1171 593; baseline -0.007 -22"><span class='ocrx_word' id='word_1_17' title='bbox 113 507 198 593; x_wconf 91' lang='lat' dir='ltr'>quid</span> <span class='ocrx_word' id='word_1_18' title='bbox 234 502 403 570; x_wconf 76' lang='lat' dir='ltr'>feceritis?</span> <span class='ocrx_word' id='word_1_19' title='bbox 463 501 628 567; x_wconf 91' lang='lat' dir='ltr'>Prohibiti</span> <span class='ocrx_word' id='word_1_20' title='bbox 660 501 741 566; x_wconf 91' lang='lat' dir='ltr'>estis</span> <span class='ocrx_word' id='word_1_21' title='bbox 778 501 812 564; x_wconf 91' lang='lat' dir='ltr'>in</span> <span class='ocrx_word' id='word_1_22' title='bbox 849 501 1026 586; x_wconf 90' lang='lat' dir='ltr'>provincia</span> <span class='ocrx_word' id='word_1_23' title='bbox 1059 512 1171 565; x_wconf 87' lang='lat' dir='ltr'>vestra</span> 
     </span>
     <span class='ocr_line' id='line_1_4' title="bbox 114 600 1171 692; baseline -0.005 -21"><span class='ocrx_word' id='word_1_24' title='bbox 114 608 255 692; x_wconf 89' lang='lat' dir='ltr'>pedem·</span> <span class='ocrx_word' id='word_1_25' title='bbox 274 624 415 689; x_wconf 90' lang='lat' dir='ltr'>ponere,</span> <span class='ocrx_word' id='word_1_26' title='bbox 441 613 475 667; x_wconf 91' lang='lat' dir='ltr'>et</span> <span class='ocrx_word' id='word_1_27' title='bbox 501 601 658 687; x_wconf 85' lang='lat' dir='ltr'>prohibiti</span> <span class='ocrx_word' id='word_1_28' title='bbox 682 621 817 665; x_wconf 91' lang='lat' dir='ltr'>summa</span> <span class='ocrx_word' id='word_1_29' title='bbox 849 601 985 689; x_wconf 86' lang='lat' dir='ltr'>injuria.</span> <span class='ocrx_word' id='word_1_30' title='bbox 1018 617 1064 665; x_wconf 74' lang='lat' dir='ltr'>aa</span> <span class='ocrx_word' id='word_1_31' title='bbox 1090 600 1171 686; x_wconf 77' lang='lat' dir='ltr'>Qio</span> 
     </span>
     <span class='ocr_line' id='line_1_5' title="bbox 115 701 1171 790; baseline -0.005 -19"><span class='ocrx_word' id='word_1_32' title='bbox 115 707 218 771; x_wconf 91' lang='lat' dir='ltr'>modo</span> <span class='ocrx_word' id='word_1_33' title='bbox 231 707 265 770; x_wconf 92' lang='lat' dir='ltr'>id</span> <span class='ocrx_word' id='word_1_34' title='bbox 281 702 426 770; x_wconf 85' lang='lat' dir='ltr'>tulistis?</span> <span class='ocrx_word' id='word_1_35' title='bbox 460 714 622 788; x_wconf 82' lang='lat' dir='ltr'>acceptae</span> <span class='ocrx_word' id='word_1_36' title='bbox 640 701 784 789; x_wconf 87' lang='lat' dir='ltr'>injuriae</span> <span class='ocrx_word' id='word_1_37' title='bbox 799 703 989 788; x_wconf 84' lang='lat' dir='ltr'>querellam</span> <span class='ocrx_word' id='word_1_38' title='bbox 1007 704 1051 769; x_wconf 91' lang='lat' dir='ltr'>ad</span> <span class='ocrx_word' id='word_1_39' title='bbox 1067 723 1171 790; x_wconf 91' lang='lat' dir='ltr'>quem</span> 
     </span>
     <span class='ocr_line' id='line_1_6' title="bbox 115 803 1201 891; baseline -0.005 -20"><span class='ocrx_word' id='word_1_40' title='bbox 115 803 304 872; x_wconf 86' lang='lat' dir='ltr'>detulistis?</span> <span class='ocrx_word' id='word_1_41' title='bbox 351 803 489 891; x_wconf 83' lang='lat' dir='ltr'><strong>Nempe</strong></span> <span class='ocrx_word' id='word_1_42' title='bbox 510 803 664 877; x_wconf 90' lang='lat' dir='ltr'>adeum,</span> <span class='ocrx_word' id='word_1_43' title='bbox 684 803 780 891; x_wconf 89' lang='lat' dir='ltr'>cujus</span> <span class='ocrx_word' id='word_1_44' title='bbox 805 803 1038 868; x_wconf 88' lang='lat' dir='ltr'>auctoritatem</span> <span class='ocrx_word' id='word_1_45' title='bbox 1063 803 1201 883; x_wconf 79' lang='lat' dir='ltr'>secuti5</span> 
     </span>
     <span class='ocr_line' id='line_1_7' title="bbox 114 901 1171 989; baseline -0.004 -17"><span class='ocrx_word' id='word_1_46' title='bbox 114 907 150 972; x_wconf 91' lang='lat' dir='ltr'>in</span> <span class='ocrx_word' id='word_1_47' title='bbox 175 907 370 972; x_wconf 87' lang='lat' dir='ltr'>societatem</span> <span class='ocrx_word' id='word_1_48' title='bbox 383 905 468 970; x_wconf 67' lang='grc' dir='ltr'>’δοΙΙί</span> <span class='ocrx_word' id='word_1_49' title='bbox 485 903 668 968; x_wconf 87' lang='lat' dir='ltr'>veneratis.</span> <span class='ocrx_word' id='word_1_50' title='bbox 697 931 700 938; x_wconf 58' lang='lat'><strong><em>¹</em></strong></span> <span class='ocrx_word' id='word_1_51' title='bbox 719 901 825 989; x_wconf 77' lang='lat' dir='ltr'>Qod</span> <span class='ocrx_word' id='word_1_52' title='bbox 841 903 869 967; x_wconf 90' lang='lat' dir='ltr'>si</span> <span class='ocrx_word' id='word_1_53' title='bbox 886 901 1048 969; x_wconf 80' lang='lat' dir='ltr'>Caesaris</span> <span class='ocrx_word' id='word_1_54' title='bbox 1065 923 1171 970; x_wconf 90' lang='lat' dir='ltr'>causa</span> 
     </span>
     <span class='ocr_line' id='line_1_8' title="bbox 114 1004 1170 1094; baseline -0.001 -22"><span class='ocrx_word' id='word_1_55' title='bbox 114 1006 151 1072; x_wconf 90' lang='lat' dir='ltr'>in</span> <span class='ocrx_word' id='word_1_56' title='bbox 169 1007 380 1094; x_wconf 88' lang='lat' dir='ltr'>provinciam</span> <span class='ocrx_word' id='word_1_57' title='bbox 397 1005 599 1080; x_wconf 84' lang='lat' dir='ltr'>veniebatis,</span> <span class='ocrx_word' id='word_1_58' title='bbox 619 1005 663 1070; x_wconf 90' lang='lat' dir='ltr'>ad</span> <span class='ocrx_word' id='word_1_59' title='bbox 680 1025 758 1069; x_wconf 90' lang='lat' dir='ltr'>eum</span> <span class='ocrx_word' id='word_1_60' title='bbox 777 1004 928 1090; x_wconf 84' lang='lat' dir='ltr'>profecto</span> <span class='ocrx_word' id='word_1_61' title='bbox 944 1006 1076 1072; x_wconf 86' lang='lat' dir='ltr'>exclusi</span> <span class='ocrx_word' id='word_1_62' title='bbox 1093 1027 1170 1094; x_wconf 91' lang='lat' dir='ltr'>pro-</span> 
     </span>
     <span class='ocr_line' id='line_1_9' title="bbox 114 1104 1172 1192; baseline 0.002 -21"><span class='ocrx_word' id='word_1_63' title='bbox 114 1108 230 1172; x_wconf 90' lang='lat' dir='ltr'>vincia</span> <span class='ocrx_word' id='word_1_64' title='bbox 245 1105 442 1172; x_wconf 89' lang='lat' dir='ltr'>venissetis.</span> <span class='ocrx_word' id='word_1_65' title='bbox 482 1104 634 1171; x_wconf 87' lang='lat' dir='ltr'>Venistis</span> <span class='ocrx_word' id='word_1_66' title='bbox 659 1105 703 1170; x_wconf 90' lang='lat' dir='ltr'>ad</span> <span class='ocrx_word' id='word_1_67' title='bbox 728 1104 943 1190; x_wconf 90' lang='lat' dir='ltr'>Pompeium.</span> <span class='ocrx_word' id='word_1_68' title='bbox 993 1104 1096 1192; x_wconf 62' lang='lat' dir='ltr'>Quae</span> <span class='ocrx_word' id='word_1_69' title='bbox 1120 1117 1172 1172; x_wconf 86' lang='lat' dir='ltr'>est</span> 
     </span>
     <span class='ocr_line' id='line_1_10' title="bbox 115 1205 1172 1296; baseline -0.001 -23"><span class='ocrx_word' id='word_1_70' title='bbox 115 1229 202 1296; x_wconf 90' lang='lat' dir='ltr'>ergo</span> <span class='ocrx_word' id='word_1_71' title='bbox 226 1207 317 1294; x_wconf 87' lang='lat' dir='ltr'>apud</span> <span class='ocrx_word' id='word_1_72' title='bbox 341 1205 530 1273; x_wconf 84' lang='lat' dir='ltr'>Caesarem</span> <span class='ocrx_word' id='word_1_73' title='bbox 555 1207 722 1293; x_wconf 83' lang='lat' dir='ltr'><strong>querella,</strong></span> <span class='ocrx_word' id='word_1_74' title='bbox 741 1226 820 1272; x_wconf 93' lang='lat' dir='ltr'>cum</span> <span class='ocrx_word' id='word_1_75' title='bbox 844 1227 924 1270; x_wconf 90' lang='lat' dir='ltr'>eum</span> <span class='ocrx_word' id='word_1_76' title='bbox 947 1208 1129 1283; x_wconf 89' lang='lat' dir='ltr'>accusetis,</span> <span class='ocrx_word' id='word_1_77' title='bbox 1150 1227 1172 1272; x_wconf 89' lang='lat' dir='ltr'>a</span> 
     </span>
     <span class='ocr_line' id='line_1_11' title="bbox 115 1305 1224 1396; baseline 0.004 -24"><span class='ocrx_word' id='word_1_78' title='bbox 115 1329 185 1396; x_wconf 92' lang='lat' dir='ltr'>quo</span> <span class='ocrx_word' id='word_1_79' title='bbox 212 1306 403 1395; x_wconf 86' lang='lat' dir='ltr'>queramini</span> <span class='ocrx_word' id='word_1_80' title='bbox 432 1307 619 1393; x_wconf 87' lang='lat' dir='ltr'>prohibitos</span> <span class='ocrx_word' id='word_1_81' title='bbox 648 1327 725 1372; x_wconf 86' lang='lat' dir='ltr'>esse</span> <span class='ocrx_word' id='word_1_82' title='bbox 748 1327 809 1371; x_wconf 91' lang='lat' dir='ltr'>vos</span> <span class='ocrx_word' id='word_1_83' title='bbox 837 1315 955 1371; x_wconf 89' lang='lat' dir='ltr'>contra</span> <span class='ocrx_word' id='word_1_84' title='bbox 983 1305 1170 1372; x_wconf 81' lang='lat' dir='ltr'>Caesarem</span> <span class='ocrx_word' id='word_1_85' title='bbox 1191 1337 1224 1377; x_wconf 82' lang='lat' dir='ltr'>ro</span> 
     </span>
     <span class='ocr_line' id='line_1_12' title="bbox 116 1406 1173 1496; baseline -0.002 -23"><span class='ocrx_word' id='word_1_86' title='bbox 116 1429 238 1496; x_wconf 85' lang='lat' dir='ltr'>gerere</span> <span class='ocrx_word' id='word_1_87' title='bbox 262 1406 414 1473; x_wconf 84' lang='lat' dir='ltr'>bellum?</span> <span class='ocrx_word' id='word_1_88' title='bbox 460 1406 575 1493; x_wconf 81' lang='lat' dir='ltr'>Atque</span> <span class='ocrx_word' id='word_1_89' title='bbox 595 1407 629 1471; x_wconf 92' lang='lat' dir='ltr'>in</span> <span class='ocrx_word' id='word_1_90' title='bbox 646 1407 712 1472; x_wconf 94' lang='lat' dir='ltr'>hoc</span> <span class='ocrx_word' id='word_1_91' title='bbox 738 1406 877 1493; x_wconf 89' lang='lat' dir='ltr'>quidem</span> <span class='ocrx_word' id='word_1_92' title='bbox 893 1407 949 1471; x_wconf 87' lang='lat' dir='ltr'>vel</span> <span class='ocrx_word' id='word_1_93' title='bbox 974 1427 1054 1472; x_wconf 89' lang='lat' dir='ltr'>cum</span> <span class='ocrx_word' id='word_1_94' title='bbox 1076 1427 1173 1471; x_wconf 88' lang='lat' dir='ltr'>men·</span> 
     </span>
     <span class='ocr_line' id='line_1_13' title="bbox 116 1505 1172 1594; baseline -0.003 -20"><span class='ocrx_word' id='word_1_95' title='bbox 116 1510 229 1582; x_wconf 89' lang='lat' dir='ltr'>dacio,</span> <span class='ocrx_word' id='word_1_96' title='bbox 251 1507 279 1574; x_wconf 90' lang='lat' dir='ltr'>si</span> <span class='ocrx_word' id='word_1_97' title='bbox 310 1507 422 1583; x_wconf 92' lang='lat' dir='ltr'>voltis,</span> <span class='ocrx_word' id='word_1_98' title='bbox 443 1507 636 1594; x_wconf 84' lang='lat' dir='ltr'>gloriemini</span> <span class='ocrx_word' id='word_1_99' title='bbox 662 1528 724 1592; x_wconf 93' lang='lat' dir='ltr'>per</span> <span class='ocrx_word' id='word_1_100' title='bbox 749 1527 802 1571; x_wconf 92' lang='lat' dir='ltr'>me</span> <span class='ocrx_word' id='word_1_101' title='bbox 834 1505 925 1582; x_wconf 91' lang='lat' dir='ltr'>licet,</span> <span class='ocrx_word' id='word_1_102' title='bbox 943 1529 1005 1572; x_wconf 92' lang='lat' dir='ltr'>vos</span> <span class='ocrx_word' id='word_1_103' title='bbox 1036 1507 1172 1592; x_wconf 89' lang='lat' dir='ltr'>provin·</span> 
     </span>
     <span class='ocr_line' id='line_1_14' title="bbox 115 1605 1171 1674; baseline -0.004 0"><span class='ocrx_word' id='word_1_104' title='bbox 115 1609 205 1674; x_wconf 90' lang='lat' dir='ltr'>ciam</span> <span class='ocrx_word' id='word_1_105' title='bbox 223 1607 328 1672; x_wconf 90' lang='lat' dir='ltr'>fuisse</span> <span class='ocrx_word' id='word_1_106' title='bbox 343 1606 487 1673; x_wconf 87' lang='lat' dir='ltr'>Caesari</span> <span class='ocrx_word' id='word_1_107' title='bbox 513 1607 707 1671; x_wconf 84' lang='lat' dir='ltr'>tradituros.</span> <span class='ocrx_word' id='word_1_108' title='bbox 758 1605 869 1670; x_wconf 90' lang='lat' dir='ltr'>Etiam</span> <span class='ocrx_word' id='word_1_109' title='bbox 893 1605 922 1670; x_wconf 90' lang='lat' dir='ltr'>si</span> <span class='ocrx_word' id='word_1_110' title='bbox 939 1627 960 1670; x_wconf 89' lang='lat' dir='ltr'>a</span> <span class='ocrx_word' id='word_1_111' title='bbox 975 1605 1070 1671; x_wconf 89' lang='lat' dir='ltr'>Varo</span> <span class='ocrx_word' id='word_1_112' title='bbox 1093 1617 1127 1671; x_wconf 93' lang='lat' dir='ltr'>et</span> <span class='ocrx_word' id='word_1_113' title='bbox 1150 1625 1171 1670; x_wconf 89' lang='lat' dir='ltr'>a</span> 
     </span>
     <span class='ocr_line' id='line_1_15' title="bbox 115 1706 1171 1796; baseline -0.002 -24"><span class='ocrx_word' id='word_1_114' title='bbox 115 1709 320 1796; x_wconf 90' lang='lat' dir='ltr'>quibusdam</span> <span class='ocrx_word' id='word_1_115' title='bbox 354 1707 432 1771; x_wconf 90' lang='lat' dir='ltr'>aliis</span> <span class='ocrx_word' id='word_1_116' title='bbox 460 1706 619 1792; x_wconf 90' lang='lat' dir='ltr'>prohibiti</span> <span class='ocrx_word' id='word_1_117' title='bbox 651 1706 744 1781; x_wconf 90' lang='lat' dir='ltr'>estis,</span> <span class='ocrx_word' id='word_1_118' title='bbox 770 1727 837 1792; x_wconf 91' lang='lat' dir='ltr'>ego</span> <span class='ocrx_word' id='word_1_119' title='bbox 854 1717 975 1770; x_wconf 81' lang='lat' dir='ltr'>tamen</span> <span class='ocrx_word' id='word_1_120' title='bbox 1006 1706 1171 1770; x_wconf 89' lang='lat' dir='ltr'>confiteor</span> 
     </span>
     <span class='ocr_line' id='line_1_16' title="bbox 116 1805 1222 1894; baseline -0.005 -20"><span class='ocrx_word' id='word_1_121' title='bbox 116 1810 254 1893; x_wconf 91' lang='lat' dir='ltr'>culpam</span> <span class='ocrx_word' id='word_1_122' title='bbox 282 1828 357 1873; x_wconf 89' lang='lat' dir='ltr'>esse</span> <span class='ocrx_word' id='word_1_123' title='bbox 383 1805 519 1894; x_wconf 86' lang='lat' dir='ltr'>Ligari,</span> <span class='ocrx_word' id='word_1_124' title='bbox 546 1806 685 1894; x_wconf 90' lang='lat' dir='ltr'>quivos</span> <span class='ocrx_word' id='word_1_125' title='bbox 714 1817 828 1872; x_wconf 86' lang='lat' dir='ltr'>tantae</span> <span class='ocrx_word' id='word_1_126' title='bbox 853 1806 964 1872; x_wconf 87' lang='lat' dir='ltr'>laudis</span> <span class='ocrx_word' id='word_1_127' title='bbox 987 1806 1170 1872; x_wconf 91' lang='lat' dir='ltr'>occasione</span> <span class='ocrx_word' id='word_1_128' title='bbox 1191 1827 1222 1882; x_wconf 78' lang='grc' dir='ltr'>ις</span> 
     </span>
     <span class='ocr_line' id='line_1_17' title="bbox 114 1907 348 1995; baseline -0.013 -23"><span class='ocrx_word' id='word_1_129' title='bbox 114 1907 310 1995; x_wconf 84' lang='lat' dir='ltr'>privaverit.</span> <span class='ocrx_word' id='word_1_130' title='bbox 346 1937 348 1942; x_wconf 96' lang='lat'>·</span> 
     </span>
    </p>

    <p class='ocr_par' dir='ltr' id='par_1_3' title="bbox 114 2005 1231 4000">
     <span class='ocr_line' id='line_1_18' title="bbox 162 2005 1170 2093; baseline 0 -21"><span class='ocrx_word' id='word_1_131' title='bbox 162 2027 214 2072; x_wconf 86' lang='lat' dir='ltr'>1x.</span> <span class='ocrx_word' id='word_1_132' title='bbox 237 2025 287 2072; x_wconf 77' lang='lat' dir='ltr'>aa</span> <span class='ocrx_word' id='word_1_133' title='bbox 311 2006 382 2072; x_wconf 81' lang='lat' dir='ltr'>Se&#39;d</span> <span class='ocrx_word' id='word_1_134' title='bbox 406 2007 505 2080; x_wconf 85' lang='lat' dir='ltr'>vide,¹</span> <span class='ocrx_word' id='word_1_135' title='bbox 524 2028 668 2093; x_wconf 88' lang='lat' dir='ltr'>quaeso,</span> <span class='ocrx_word' id='word_1_136' title='bbox 693 2005 838 2082; x_wconf 89' lang='lat' dir='ltr'>Caesar,</span> <span class='ocrx_word' id='word_1_137' title='bbox 866 2007 1091 2072; x_wconf 88' lang='lat' dir='ltr'>constantiam</span> <span class='ocrx_word' id='word_1_138' title='bbox 1116 2030 1170 2075; x_wconf 89' lang='lat' dir='ltr'>or·</span> 
     </span>
     <span class='ocr_line' id='line_1_19' title="bbox 115 2107 1170 2196; baseline 0.001 -24"><span class='ocrx_word' id='word_1_139' title='bbox 115 2107 284 2174; x_wconf 89' lang='lat' dir='ltr'>natissimi</span> <span class='ocrx_word' id='word_1_140' title='bbox 308 2107 370 2172; x_wconf 87' lang='lat' dir='ltr'>viri</span> <span class='ocrx_word' id='word_1_141' title='bbox 407 2107 656 2196; x_wconf 88' lang='lat' dir='ltr'>[Tuberonis],</span> <span class='ocrx_word' id='word_1_142' title='bbox 677 2128 782 2193; x_wconf 91' lang='lat' dir='ltr'>quam</span> <span class='ocrx_word' id='word_1_143' title='bbox 811 2127 891 2195; x_wconf 89' lang='lat' dir='ltr'>eg0,</span> <span class='ocrx_word' id='word_1_144' title='bbox 914 2108 1072 2194; x_wconf 89' lang='lat' dir='ltr'>quamvis</span> <span class='ocrx_word' id='word_1_145' title='bbox 1095 2109 1170 2195; x_wconf 89' lang='lat' dir='ltr'>ipse</span> 
     </span>
     <span class='ocr_line' id='line_1_20' title="bbox 115 2208 1170 2296; baseline -0.001 -22"><span class='ocrx_word' id='word_1_146' title='bbox 115 2209 311 2296; x_wconf 89' lang='lat' dir='ltr'>probarem,</span> <span class='ocrx_word' id='word_1_147' title='bbox 330 2219 367 2272; x_wconf 92' lang='lat' dir='ltr'>ut</span> <span class='ocrx_word' id='word_1_148' title='bbox 393 2209 514 2293; x_wconf 93' lang='lat' dir='ltr'>probo,</span> <span class='ocrx_word' id='word_1_149' title='bbox 534 2218 649 2271; x_wconf 85' lang='lat' dir='ltr'>tamen</span> <span class='ocrx_word' id='word_1_150' title='bbox 673 2229 742 2272; x_wconf 93' lang='lat' dir='ltr'>non</span> <span class='ocrx_word' id='word_1_151' title='bbox 768 2228 1086 2284; x_wconf 86' lang='lat' dir='ltr'>commemorarem,</span> <span class='ocrx_word' id='word_1_152' title='bbox 1105 2208 1170 2274; x_wconf 89' lang='lat' dir='ltr'>nisi</span> 
     </span>
     <span class='ocr_line' id='line_1_21' title="bbox 116 2307 1224 2397; baseline 0 -23"><span class='ocrx_word' id='word_1_153' title='bbox 116 2332 138 2374; x_wconf 91' lang='lat' dir='ltr'>a</span> <span class='ocrx_word' id='word_1_154' title='bbox 157 2323 189 2374; x_wconf 90' lang='lat' dir='ltr'>te</span> <span class='ocrx_word' id='word_1_155' title='bbox 210 2309 450 2397; x_wconf 85' lang='lat' dir='ltr'>cognovissem</span> <span class='ocrx_word' id='word_1_156' title='bbox 475 2307 509 2372; x_wconf 92' lang='lat' dir='ltr'>in</span> <span class='ocrx_word' id='word_1_157' title='bbox 537 2307 656 2392; x_wconf 91' lang='lat' dir='ltr'>primis</span> <span class='ocrx_word' id='word_1_158' title='bbox 682 2330 758 2373; x_wconf 90' lang='lat' dir='ltr'>eam</span> <span class='ocrx_word' id='word_1_159' title='bbox 779 2309 937 2374; x_wconf 90' lang='lat' dir='ltr'>virtutem</span> <span class='ocrx_word' id='word_1_160' title='bbox 963 2311 1072 2376; x_wconf 85' lang='lat' dir='ltr'>solere</span> <span class='ocrx_word' id='word_1_161' title='bbox 1097 2311 1170 2375; x_wconf 90' lang='lat' dir='ltr'>lau·</span> <span class='ocrx_word' id='word_1_162' title='bbox 1189 2319 1224 2359; x_wconf 80' lang='lat'>2⁰</span> 
     </span>
     <span class='ocr_line' id='line_1_22' title="bbox 115 2408 1171 2495; baseline 0.001 -20"><span class='ocrx_word' id='word_1_163' title='bbox 115 2411 203 2476; x_wconf 89' lang='lat' dir='ltr'>dari.</span> <span class='ocrx_word' id='word_1_164' title='bbox 254 2408 357 2494; x_wconf 77' lang='lat' dir='ltr'>Quae</span> <span class='ocrx_word' id='word_1_165' title='bbox 380 2409 441 2474; x_wconf 87' lang='lat' dir='ltr'>fuit</span> <span class='ocrx_word' id='word_1_166' title='bbox 465 2409 568 2495; x_wconf 86' lang='lat' dir='ltr'>igitur</span> <span class='ocrx_word' id='word_1_167' title='bbox 586 2429 750 2494; x_wconf 86' lang='lat' dir='ltr'>umquam</span> <span class='ocrx_word' id='word_1_168' title='bbox 768 2409 804 2473; x_wconf 87' lang='lat' dir='ltr'>i&#39;n</span> <span class='ocrx_word' id='word_1_169' title='bbox 819 2410 890 2476; x_wconf 92' lang='lat' dir='ltr'>ullo</span> <span class='ocrx_word' id='word_1_170' title='bbox 915 2411 1053 2476; x_wconf 92' lang='lat' dir='ltr'>homine</span> <span class='ocrx_word' id='word_1_171' title='bbox 1076 2421 1171 2476; x_wconf 88' lang='lat' dir='ltr'>tanta</span> 
     </span>
     <span class='ocr_line' id='line_1_23' title="bbox 115 2507 1171 2596; baseline 0.001 -21"><span class='ocrx_word' id='word_1_172' title='bbox 115 2509 329 2576; x_wconf 88' lang='lat' dir='ltr'>constantia?</span> <span class='ocrx_word' id='word_1_173' title='bbox 374 2507 613 2574; x_wconf 89' lang='lat' dir='ltr'>Constantiam</span> <span class='ocrx_word' id='word_1_174' title='bbox 630 2508 732 2575; x_wconf 88' lang='lat' dir='ltr'>dieo?</span> <span class='ocrx_word' id='word_1_175' title='bbox 762 2510 878 2575; x_wconf 92' lang='lat' dir='ltr'>nescio</span> <span class='ocrx_word' id='word_1_176' title='bbox 902 2531 947 2576; x_wconf 88' lang='lat' dir='ltr'>an</span> <span class='ocrx_word' id='word_1_177' title='bbox 964 2511 1085 2576; x_wconf 87' lang='lat' dir='ltr'>melius</span> <span class='ocrx_word' id='word_1_178' title='bbox 1111 2531 1171 2596; x_wconf 90' lang='lat' dir='ltr'>pa-</span> 
     </span>
     <span class='ocr_line' id='line_1_24' title="bbox 114 2607 1170 2699; baseline 0.003 -24"><span class='ocrx_word' id='word_1_179' title='bbox 114 2610 268 2675; x_wconf 87' lang='lat' dir='ltr'>tientiam</span> <span class='ocrx_word' id='word_1_180' title='bbox 293 2609 421 2694; x_wconf 89' lang='lat' dir='ltr'>possim</span> <span class='ocrx_word' id='word_1_181' title='bbox 450 2610 576 2674; x_wconf 87' lang='lat' dir='ltr'>dicere.</span> <span class='ocrx_word' id='word_1_182' title='bbox 627 2607 764 2693; x_wconf 69' lang='lat' dir='ltr'>Quotus</span> <span class='ocrx_word' id='word_1_183' title='bbox 789 2611 879 2675; x_wconf 90' lang='lat' dir='ltr'>enim</span> <span class='ocrx_word' id='word_1_184' title='bbox 909 2612 999 2678; x_wconf 90' lang='lat' dir='ltr'>istud</span> <span class='ocrx_word' id='word_1_185' title='bbox 1026 2612 1170 2699; x_wconf 91' lang='lat' dir='ltr'>quisque</span> 
     </span>
     <span class='ocr_line' id='line_1_25' title="bbox 116 2710 1231 2796; baseline 0.003 -22"><span class='ocrx_word' id='word_1_186' title='bbox 116 2711 265 2784; x_wconf 84' lang='lat' dir='ltr'>fecisset,</span> <span class='ocrx_word' id='word_1_187' title='bbox 283 2721 331 2784; x_wconf 92' lang='lat' dir='ltr'>ut,</span> <span class='ocrx_word' id='word_1_188' title='bbox 350 2730 371 2773; x_wconf 89' lang='lat' dir='ltr'>a</span> <span class='ocrx_word' id='word_1_189' title='bbox 387 2711 510 2796; x_wconf 92' lang='lat' dir='ltr'>quibus</span> <span class='ocrx_word' id='word_1_190' title='bbox 528 2710 681 2795; x_wconf 88' lang='lat' dir='ltr'>partibus</span> <span class='ocrx_word' id='word_1_191' title='bbox 706 2711 740 2774; x_wconf 92' lang='lat' dir='ltr'>in</span> <span class='ocrx_word' id='word_1_192' title='bbox 758 2712 971 2778; x_wconf 89' lang='lat' dir='ltr'>dissensione</span> <span class='ocrx_word' id='word_1_193' title='bbox 987 2713 1079 2777; x_wconf 89' lang='lat' dir='ltr'>civili</span> <span class='ocrx_word' id='word_1_194' title='bbox 1101 2733 1170 2778; x_wconf 89' lang='lat' dir='ltr'>non</span> <span class='ocrx_word' id='word_1_195' title='bbox 1229 2773 1231 2777; x_wconf 87' lang='lat'>.</span> 
     </span>
     <span class='ocr_line' id='line_1_26' title="bbox 117 2810 1223 2901; baseline 0.002 -25"><span class='ocrx_word' id='word_1_196' title='bbox 117 2817 206 2876; x_wconf 88' lang='lat' dir='ltr'>esset</span> <span class='ocrx_word' id='word_1_197' title='bbox 229 2822 397 2896; x_wconf 65' lang='lat' dir='ltr'>receptus</span> <span class='ocrx_word' id='word_1_198' title='bbox 426 2821 515 2875; x_wconf 88' lang='lat' dir='ltr'>esset</span> <span class='ocrx_word' id='word_1_199' title='bbox 539 2810 641 2874; x_wconf 90' lang='lat' dir='ltr'>etiam</span> <span class='ocrx_word' id='word_1_200' title='bbox 667 2831 745 2876; x_wconf 93' lang='lat' dir='ltr'>cum</span> <span class='ocrx_word' id='word_1_201' title='bbox 779 2813 977 2878; x_wconf 91' lang='lat' dir='ltr'>crudelitate</span> <span class='ocrx_word' id='word_1_202' title='bbox 1009 2813 1167 2901; x_wconf 89' lang='lat' dir='ltr'>rejectus,</span> <span class='ocrx_word' id='word_1_203' title='bbox 1189 2813 1223 2870; x_wconf 82' lang='lat'>²⁵</span> 
     </span>
     <span class='ocr_line' id='line_1_27' title="bbox 118 2908 1170 3001; baseline 0.002 -26"><span class='ocrx_word' id='word_1_204' title='bbox 118 2913 245 2975; x_wconf 86' lang='lat' dir='ltr'>adeas</span> <span class='ocrx_word' id='word_1_205' title='bbox 270 2909 362 2995; x_wconf 88' lang='lat' dir='ltr'>ipsos</span> <span class='ocrx_word' id='word_1_206' title='bbox 387 2908 534 2975; x_wconf 89' lang='lat' dir='ltr'>rediret?</span> <span class='ocrx_word' id='word_1_207' title='bbox 582 2909 706 2998; x_wconf 85' lang='lat' dir='ltr'>Magni</span> <span class='ocrx_word' id='word_1_208' title='bbox 735 2913 915 3001; x_wconf 86' lang='lat' dir='ltr'>cujusdam</span> <span class='ocrx_word' id='word_1_209' title='bbox 943 2913 1047 2978; x_wconf 91' lang='lat' dir='ltr'>animi</span> <span class='ocrx_word' id='word_1_210' title='bbox 1070 2925 1170 3000; x_wconf 91' lang='lat' dir='ltr'>atque</span> 
     </span>
     <span class='ocr_line' id='line_1_28' title="bbox 118 3010 1170 3102; baseline 0.006 -28"><span class='ocrx_word' id='word_1_211' title='bbox 118 3011 192 3099; x_wconf 89' lang='lat' dir='ltr'>ejus</span> <span class='ocrx_word' id='word_1_212' title='bbox 218 3010 294 3074; x_wconf 87' lang='lat' dir='ltr'>viri·</span> <span class='ocrx_word' id='word_1_213' title='bbox 310 3023 372 3084; x_wconf 90' lang='lat' dir='ltr'>est,</span> <span class='ocrx_word' id='word_1_214' title='bbox 400 3031 502 3099; x_wconf 85' lang='lat' dir='ltr'>quam</span> <span class='ocrx_word' id='word_1_215' title='bbox 533 3011 578 3076; x_wconf 89' lang='lat' dir='ltr'>de</span> <span class='ocrx_word' id='word_1_216' title='bbox 607 3025 767 3099; x_wconf 89' lang='lat' dir='ltr'>suscepta</span> <span class='ocrx_word' id='word_1_217' title='bbox 796 3035 900 3080; x_wconf 87' lang='lat' dir='ltr'>causa</span> <span class='ocrx_word' id='word_1_218' title='bbox 928 3015 1170 3102; x_wconf 89' lang='lat' dir='ltr'>propositaque</span> 
     </span>
     <span class='ocr_line' id='line_1_29' title="bbox 118 3111 1170 3202; baseline 0.005 -27"><span class='ocrx_word' id='word_1_219' title='bbox 118 3111 283 3175; x_wconf 88' lang='lat' dir='ltr'>sententia</span> <span class='ocrx_word' id='word_1_220' title='bbox 307 3111 402 3175; x_wconf 88' lang='lat' dir='ltr'>nulla</span> <span class='ocrx_word' id='word_1_221' title='bbox 426 3112 648 3187; x_wconf 85' lang='lat' dir='ltr'>contumelia,</span> <span class='ocrx_word' id='word_1_222' title='bbox 675 3116 769 3180; x_wconf 91' lang='lat' dir='ltr'>nulla</span> <span class='ocrx_word' id='word_1_223' title='bbox 794 3116 858 3190; x_wconf 91' lang='lat' dir='ltr'>vis,</span> <span class='ocrx_word' id='word_1_224' title='bbox 880 3118 1012 3180; x_wconf 88' lang='lat' dir='ltr'>nullum</span> <span class='ocrx_word' id='word_1_225' title='bbox 1038 3116 1170 3202; x_wconf 89' lang='lat' dir='ltr'>pericu-</span> 
     </span>
     <span class='ocr_line' id='line_1_30' title="bbox 118 3210 1170 3303; baseline 0.006 -29"><span class='ocrx_word' id='word_1_226' title='bbox 118 3213 188 3275; x_wconf 91' lang='lat' dir='ltr'>lum</span> <span class='ocrx_word' id='word_1_227' title='bbox 212 3210 318 3296; x_wconf 89' lang='lat' dir='ltr'>possit</span> <span class='ocrx_word' id='word_1_228' title='bbox 332 3211 519 3297; x_wconf 86' lang='lat' dir='ltr'>depellere.</span> <span class='ocrx_word' id='word_1_229' title='bbox 567 3231 615 3279; x_wconf 74' lang='lat' dir='ltr'>at.</span> <span class='ocrx_word' id='word_1_230' title='bbox 640 3215 686 3281; x_wconf 93' lang='lat' dir='ltr'>Ut</span> <span class='ocrx_word' id='word_1_231' title='bbox 703 3217 794 3280; x_wconf 88' lang='lat' dir='ltr'>enim</span> <span class='ocrx_word' id='word_1_232' title='bbox 812 3229 923 3281; x_wconf 86' lang='lat' dir='ltr'>cetera</span> <span class='ocrx_word' id='word_1_233' title='bbox 941 3217 1037 3303; x_wconf 90' lang='lat' dir='ltr'>paria</span> <span class='ocrx_word' id='word_1_234' title='bbox 1053 3217 1170 3281; x_wconf 87' lang='lat' dir='ltr'>Tube·</span> 
     </span>
     <span class='ocr_line' id='line_1_31' title="bbox 117 3310 1224 3404; baseline 0.006 -29"><span class='ocrx_word' id='word_1_235' title='bbox 117 3311 191 3375; x_wconf 89' lang='lat' dir='ltr'>roni</span> <span class='ocrx_word' id='word_1_236' title='bbox 219 3331 297 3374; x_wconf 93' lang='lat' dir='ltr'>cum</span> <span class='ocrx_word' id='word_1_237' title='bbox 321 3310 416 3375; x_wconf 86' lang='lat' dir='ltr'>Varo</span> <span class='ocrx_word' id='word_1_238' title='bbox 433 3311 588 3389; x_wconf 84' lang='lat' dir='ltr'>fuissent,</span> <span class='ocrx_word' id='word_1_239' title='bbox 601 3317 779 3390; x_wconf 85' lang='lat' dir='ltr'>-honos,</span> <span class='ocrx_word' id='word_1_240' title='bbox 798 3318 969 3391; x_wconf 87' lang='lat' dir='ltr'>nobilitas,</span> <span class='ocrx_word' id='word_1_241' title='bbox 993 3318 1167 3404; x_wconf 90' lang='lat' dir='ltr'>splendor,</span> <span class='ocrx_word' id='word_1_242' title='bbox 1188 3322 1224 3376; x_wconf 83' lang='lat'>3⁰</span> 
     </span>
     <span class='ocr_line' id='line_1_32' title="bbox 117 3411 1169 3503; baseline 0.007 -29"><span class='ocrx_word' id='word_1_243' title='bbox 117 3411 308 3498; x_wconf 89' lang='lat' dir='ltr'>ingenium,</span> <span class='ocrx_word' id='word_1_244' title='bbox 351 3431 440 3498; x_wconf 91' lang='lat' dir='ltr'>quae</span> <span class='ocrx_word' id='word_1_245' title='bbox 493 3437 709 3503; x_wconf 89' lang='lat' dir='ltr'>nequaquam</span> <span class='ocrx_word' id='word_1_246' title='bbox 751 3418 1040 3492; x_wconf 64' lang='lat' dir='ltr'>fuerunt-hoc</span> <span class='ocrx_word' id='word_1_247' title='bbox 1078 3428 1169 3482; x_wconf 92' lang='lat' dir='ltr'>certe</span> 
     </span>
     <span class='ocr_line' id='line_1_33' title="bbox 117 3511 1170 3604; baseline 0.008 -31"><span class='ocrx_word' id='word_1_248' title='bbox 117 3511 340 3596; x_wconf 86' lang='lat' dir='ltr'>praecipuum</span> <span class='ocrx_word' id='word_1_249' title='bbox 369 3513 575 3588; x_wconf 87' lang='lat' dir='ltr'>Tuberonis,</span> <span class='ocrx_word' id='word_1_250' title='bbox 608 3517 698 3603; x_wconf 94' lang='lat' dir='ltr'>quod</span> <span class='ocrx_word' id='word_1_251' title='bbox 727 3516 818 3604; x_wconf 90' lang='lat' dir='ltr'>justo</span> <span class='ocrx_word' id='word_1_252' title='bbox 846 3537 924 3582; x_wconf 93' lang='lat' dir='ltr'>cum</span> <span class='ocrx_word' id='word_1_253' title='bbox 957 3516 1100 3602; x_wconf 88' lang='lat' dir='ltr'>imperio</span> <span class='ocrx_word' id='word_1_254' title='bbox 1125 3537 1170 3581; x_wconf 89' lang='lat' dir='ltr'>ex</span> 
     </span>
     <span class='ocr_line' id='line_1_34' title="bbox 117 3615 1169 3702; baseline 0.007 -28"><span class='ocrx_word' id='word_1_255' title='bbox 117 3615 433 3702; x_wconf 84' lang='lat' dir='ltr'>senatusconsulto</span> <span class='ocrx_word' id='word_1_256' title='bbox 459 3615 492 3679; x_wconf 90' lang='lat' dir='ltr'>in</span> <span class='ocrx_word' id='word_1_257' title='bbox 519 3616 730 3700; x_wconf 89' lang='lat' dir='ltr'>provinciam</span> <span class='ocrx_word' id='word_1_258' title='bbox 755 3637 853 3680; x_wconf 87' lang='lat' dir='ltr'>suam</span> <span class='ocrx_word' id='word_1_259' title='bbox 877 3630 1027 3680; x_wconf 89' lang='lat' dir='ltr'>venerat.</span> <span class='ocrx_word' id='word_1_260' title='bbox 1077 3616 1169 3682; x_wconf 89' lang='lat' dir='ltr'>Hinc</span> 
     </span>
     <span class='ocr_line' id='line_1_35' title="bbox 116 3711 1166 3795; baseline 0.007 -22"><span class='ocrx_word' id='word_1_261' title='bbox 116 3711 306 3795; x_wconf 89' lang='lat' dir='ltr'>prohibitus</span> <span class='ocrx_word' id='word_1_262' title='bbox 335 3735 403 3778; x_wconf 92' lang='lat' dir='ltr'>non</span> <span class='ocrx_word' id='word_1_263' title='bbox 433 3715 476 3779; x_wconf 91' lang='lat' dir='ltr'>ad</span> <span class='ocrx_word' id='word_1_264' title='bbox 499 3712 700 3788; x_wconf 87' lang='lat' dir='ltr'>Caesarem,</span> <span class='ocrx_word' id='word_1_265' title='bbox 720 3737 762 3780; x_wconf 91' lang='lat' dir='ltr'>ne</span> <span class='ocrx_word' id='word_1_266' title='bbox 787 3716 904 3790; x_wconf 86' lang='lat' dir='ltr'>iratus,</span> <span class='ocrx_word' id='word_1_267' title='bbox 923 3737 990 3779; x_wconf 91' lang='lat' dir='ltr'>non</span> <span class='ocrx_word' id='word_1_268' title='bbox 1013 3715 1166 3786; x_wconf 88' lang='lat' dir='ltr'>domum,</span> 
     </span>
     <span class='ocr_line' id='line_1_36' title="bbox 116 3812 1219 3900; baseline 0.005 -26"><span class='ocrx_word' id='word_1_269' title='bbox 116 3831 160 3876; x_wconf 89' lang='lat' dir='ltr'>ne</span> <span class='ocrx_word' id='word_1_270' title='bbox 184 3812 289 3885; x_wconf 89' lang='lat' dir='ltr'>iners,</span> <span class='ocrx_word' id='word_1_271' title='bbox 320 3834 388 3878; x_wconf 92' lang='lat' dir='ltr'>non</span> <span class='ocrx_word' id='word_1_272' title='bbox 414 3813 448 3876; x_wconf 88' lang='lat' dir='ltr'>in</span> <span class='ocrx_word' id='word_1_273' title='bbox 474 3815 623 3900; x_wconf 87' lang='lat' dir='ltr'>aliquam</span> <span class='ocrx_word' id='word_1_274' title='bbox 649 3815 839 3900; x_wconf 87' lang='lat' dir='ltr'>regionem,</span> <span class='ocrx_word' id='word_1_275' title='bbox 868 3835 911 3878; x_wconf 90' lang='lat' dir='ltr'>ne</span> <span class='ocrx_word' id='word_1_276' title='bbox 938 3816 1168 3880; x_wconf 87' lang='lat' dir='ltr'>condemnare</span> <span class='ocrx_word' id='word_1_277' title='bbox 1185 3837 1219 3892; x_wconf 82' lang='lat'>35</span> 
     </span>
     <span class='ocr_line' id='line_1_37' title="bbox 116 3913 1169 4000; baseline 0.002 -23"><span class='ocrx_word' id='word_1_278' title='bbox 116 3931 258 3978; x_wconf 88' lang='lat' dir='ltr'>causam</span> <span class='ocrx_word' id='word_1_279' title='bbox 281 3913 375 3978; x_wconf 89' lang='lat' dir='ltr'>illam</span> <span class='ocrx_word' id='word_1_280' title='bbox 393 3934 497 4000; x_wconf 90' lang='lat' dir='ltr'>quam</span> <span class='ocrx_word' id='word_1_281' title='bbox 514 3925 650 3978; x_wconf 90' lang='lat' dir='ltr'>secutus</span> <span class='ocrx_word' id='word_1_282' title='bbox 670 3925 755 3988; x_wconf 92' lang='lat' dir='ltr'>erat,</span> <span class='ocrx_word' id='word_1_283' title='bbox 773 3915 965 3979; x_wconf 80' lang='lat' dir='ltr'>videretur:</span> <span class='ocrx_word' id='word_1_284' title='bbox 997 3915 1031 3978; x_wconf 91' lang='lat' dir='ltr'>in</span> <span class='ocrx_word' id='word_1_285' title='bbox 1050 3913 1169 3979; x_wconf 90' lang='lat' dir='ltr'>Mace-</span> 
     </span>
    </p>
   </div>
   <div class='ocr_carea' id='block_1_3' title="bbox 0 0 1363 4266">
    <p class='ocr_par' dir='ltr' id='par_1_4' title="bbox 0 0 1363 4266">
     <span class='ocr_line' id='line_1_38' title="bbox 0 0 1363 4266; baseline 0 0"><span class='ocrx_word' id='word_1_286' title='bbox 0 0 1363 4266; x_wconf 95' lang='lat' dir='ltr'> </span> 
     </span>
    </p>
   </div>
  </div>
 </body>
</html>
