<?xml version="1.0" encoding="UTF-8"?>
<!DOCTYPE html PUBLIC "-//W3C//DTD XHTML 1.0 Transitional//EN"
    "http://www.w3.org/TR/xhtml1/DTD/xhtml1-transitional.dtd">
<html xmlns="http://www.w3.org/1999/xhtml" xml:lang="en" lang="en">
 <head>
  <title>
</title>
<meta http-equiv="Content-Type" content="text/html;charset=utf-8" />
  <meta name='ocr-system' content='tesseract 3.04.00' />
  <meta name='ocr-capabilities' content='ocr_page ocr_carea ocr_par ocr_line ocrx_word'/>
</head>
<body>
  <div class='ocr_page' id='page_1' title='image "./selectorationsc00greegoog_0159.png"; bbox 0 0 2668 4262; ppageno 0'>
   <div class='ocr_carea' id='block_1_1' title="bbox 97 185 1238 306">
    <p class='ocr_par' dir='ltr' id='par_1_1' title="bbox 97 185 1238 306">
     <span class='ocr_line' id='line_1_1' title="bbox 97 185 1238 306; baseline -0.005 -17"><span class='ocrx_word' id='word_1_1' title='bbox 97 205 101 212; x_wconf 35' lang='lat'><strong><em>⁴</em></strong></span> <span class='ocrx_word' id='word_1_2' title='bbox 188 234 249 300; x_wconf 86' lang='lat'>132</span> <span class='ocrx_word' id='word_1_3' title='bbox 306 191 309 201; x_wconf 32' lang='lat'>¹</span> <span class='ocrx_word' id='word_1_4' title='bbox 477 185 691 306; x_wconf 74' lang='lat' dir='ltr'>Conspr‘rbcy</span> <span class='ocrx_word' id='word_1_5' title='bbox 716 220 762 306; x_wconf 73' lang='lat' dir='ltr'>os</span> <span class='ocrx_word' id='word_1_6' title='bbox 782 217 945 284; x_wconf 77' lang='lat' dir='ltr'>Catilina.</span> <span class='ocrx_word' id='word_1_7' title='bbox 1046 217 1165 286; x_wconf 65' lang='lat' dir='ltr'>[0³le</span> <span class='ocrx_word' id='word_1_8' title='bbox 1185 215 1238 269; x_wconf 79' lang='lat' dir='ltr'>IV·</span> 
     </span>
    </p>
   </div>
   <div class='ocr_carea' id='block_1_2' title="bbox 185 417 1327 1892">
    <p class='ocr_par' dir='ltr' id='par_1_2' title="bbox 185 417 1327 1892">
     <span class='ocr_line' id='line_1_2' title="bbox 185 417 1327 514; baseline 0.001 -31"><span class='ocrx_word' id='word_1_9' title='bbox 185 428 298 503; x_wconf 88' lang='lat' dir='ltr'>patres</span> <span class='ocrx_word' id='word_1_10' title='bbox 321 417 515 503; x_wconf 80' lang='lat' dir='ltr'><strong>conscripti,</strong></span> <span class='ocrx_word' id='word_1_11' title='bbox 535 418 740 503; x_wconf 77' lang='lat' dir='ltr'>poenitebit·</span> <span class='ocrx_word' id='word_1_12' title='bbox 780 419 917 484; x_wconf 89' lang='lat' dir='ltr'><strong>Etenim</strong></span> <span class='ocrx_word' id='word_1_13' title='bbox 942 441 1045 495; x_wconf 87' lang='lat' dir='ltr'>mors,</span> <span class='ocrx_word' id='word_1_14' title='bbox 1064 420 1238 507; x_wconf 87' lang='lat' dir='ltr'>quamilli</span> <span class='ocrx_word' id='word_1_15' title='bbox 1326 475 1327 514; x_wconf 24' lang='grc' dir='ltr'><strong>ἦ</strong></span> 
     </span>
     <span class='ocr_line' id='line_1_3' title="bbox 185 517 1239 603; baseline 0.004 -23"><span class='ocrx_word' id='word_1_16' title='bbox 185 517 326 581; x_wconf 86' lang='lat' dir='ltr'>sortasse</span> <span class='ocrx_word' id='word_1_17' title='bbox 353 517 561 590; x_wconf 83' lang='lat' dir='ltr'>minitantur,</span> <span class='ocrx_word' id='word_1_18' title='bbox 579 519 736 583; x_wconf 88' lang='lat' dir='ltr'>omuibus</span> <span class='ocrx_word' id='word_1_19' title='bbox 759 531 810 583; x_wconf 88' lang='lat' dir='ltr'>est</span> <span class='ocrx_word' id='word_1_20' title='bbox 825 532 950 603; x_wconf 54' lang='lat' dir='ltr'>¹parata</span> <span class='ocrx_word' id='word_1_21' title='bbox 964 543 981 582; x_wconf 74' lang='grc' dir='ltr'>ε·</span> <span class='ocrx_word' id='word_1_22' title='bbox 998 521 1239 586; x_wconf 74' lang='lat' dir='ltr'>vitae-tamam</span> 
     </span>
     <span class='ocr_line' id='line_1_4' title="bbox 1326 1567 1327 1614; baseline 0 -44"><span class='ocrx_word' id='word_1_23' title='bbox 1326 1567 1327 1614; x_wconf 38' lang='grc' dir='ltr'>Ῑ</span> 
     </span>
     <span class='ocr_line' id='line_1_5' title="bbox 1326 1847 1327 1892; baseline 0 0"><span class='ocrx_word' id='word_1_24' title='bbox 1326 1847 1327 1892; x_wconf 72' lang='lat' dir='ltr'>r</span> 
     </span>
    </p>
   </div>
   <div class='ocr_carea' id='block_1_3' title="bbox 76 618 1327 4010">
    <p class='ocr_par' dir='ltr' id='par_1_3' title="bbox 139 618 1247 1510">
     <span class='ocr_line' id='line_1_6' title="bbox 186 618 1239 702; baseline 0.004 -21"><span class='ocrx_word' id='word_1_25' title='bbox 186 618 336 692; x_wconf 85' lang='lat' dir='ltr'>laudem,</span> <span class='ocrx_word' id='word_1_26' title='bbox 363 633 488 702; x_wconf 86' lang='lat' dir='ltr'>quanta</span> <span class='ocrx_word' id='word_1_27' title='bbox 513 639 574 684; x_wconf 90' lang='lat' dir='ltr'>vos</span> <span class='ocrx_word' id='word_1_28' title='bbox 607 641 661 682; x_wconf 89' lang='lat' dir='ltr'>me</span> <span class='ocrx_word' id='word_1_29' title='bbox 694 619 814 688; x_wconf 84' lang='lat' dir='ltr'>vestris</span> <span class='ocrx_word' id='word_1_30' title='bbox 847 621 997 686; x_wconf 84' lang='lat' dir='ltr'>decretis.</span> <span class='ocrx_word' id='word_1_31' title='bbox 1018 623 1239 694; x_wconf 63' lang='lat' dir='ltr'>honestastis⁸</span> 
     </span>
     <span class='ocr_line' id='line_1_7' title="bbox 186 717 1240 808; baseline 0.002 -26"><span class='ocrx_word' id='word_1_32' title='bbox 186 739 286 786; x_wconf 91' lang='lat' dir='ltr'>nemo</span> <span class='ocrx_word' id='word_1_33' title='bbox 303 728 354 782; x_wconf 90' lang='lat' dir='ltr'>est</span> <span class='ocrx_word' id='word_1_34' title='bbox 370 719 564 782; x_wconf 87' lang='lat' dir='ltr'>adsecutus.</span> <span class='ocrx_word' id='word_1_35' title='bbox 606 717 739 786; x_wconf 88' lang='lat' dir='ltr'>Ceteris</span> <span class='ocrx_word' id='word_1_36' title='bbox 756 719 848 785; x_wconf 86' lang='lat' dir='ltr'>enim</span> <span class='ocrx_word' id='word_1_37' title='bbox 866 742 1002 804; x_wconf 80' lang='lat' dir='ltr'><strong>semper</strong></span> <span class='ocrx_word' id='word_1_38' title='bbox 1019 723 1107 785; x_wconf 89' lang='lat' dir='ltr'>bene</span> <span class='ocrx_word' id='word_1_39' title='bbox 1123 735 1240 808; x_wconf 84' lang='lat' dir='ltr'>gesta,</span> 
     </span>
     <span class='ocr_line' id='line_1_8' title="bbox 155 816 1242 906; baseline 0.004 -24"><span class='ocrx_word' id='word_1_40' title='bbox 155 817 269 896; x_wconf 76' lang='lat' dir='ltr'>smihi</span> <span class='ocrx_word' id='word_1_41' title='bbox 294 816 352 882; x_wconf 94' lang='lat' dir='ltr'>uni</span> <span class='ocrx_word' id='word_1_42' title='bbox 377 831 577 885; x_wconf 86' lang='lat' dir='ltr'>conservata</span> <span class='ocrx_word' id='word_1_43' title='bbox 603 819 813 903; x_wconf 85' lang='lat' dir='ltr'>republica,</span> <span class='ocrx_word' id='word_1_44' title='bbox 834 821 1096 906; x_wconf 74' lang='lat' dir='ltr'>gratulationem</span> <span class='ocrx_word' id='word_1_45' title='bbox 1117 823 1242 886; x_wconf 84' lang='lat' dir='ltr'>decre-</span> 
     </span>
     <span class='ocr_line' id='line_1_9' title="bbox 185 917 1244 1008; baseline 0.001 -24"><span class='ocrx_word' id='word_1_46' title='bbox 185 917 293 984; x_wconf 77' lang='lat' dir='ltr'>uistis.</span> <span class='ocrx_word' id='word_1_47' title='bbox 341 933 383 980; x_wconf 80' lang='lat'>21.</span> <span class='ocrx_word' id='word_1_48' title='bbox 405 917 460 982; x_wconf 51' lang='lat' dir='ltr'>¹Sit</span> <span class='ocrx_word' id='word_1_49' title='bbox 475 917 594 1002; x_wconf 90' lang='lat' dir='ltr'>Scipio</span> <span class='ocrx_word' id='word_1_50' title='bbox 617 918 674 982; x_wconf 89' lang='lat' dir='ltr'>ille</span> <span class='ocrx_word' id='word_1_51' title='bbox 699 919 826 990; x_wconf 69' lang='lat' dir='ltr'>clarus,</span> <span class='ocrx_word' id='word_1_52' title='bbox 846 921 943 1007; x_wconf 89' lang='lat' dir='ltr'>cujus</span> <span class='ocrx_word' id='word_1_53' title='bbox 968 923 1110 987; x_wconf 89' lang='lat' dir='ltr'>consilio</span> <span class='ocrx_word' id='word_1_54' title='bbox 1134 935 1244 1008; x_wconf 87' lang='lat' dir='ltr'>atque</span> 
     </span>
     <span class='ocr_line' id='line_1_10' title="bbox 185 1017 1245 1108; baseline 0.005 -27"><span class='ocrx_word' id='word_1_55' title='bbox 185 1017 306 1084; x_wconf 80' lang='lat' dir='ltr'>virtute</span> <span class='ocrx_word' id='word_1_56' title='bbox 325 1017 501 1082; x_wconf 88' lang='lat' dir='ltr'>Hannibal</span> <span class='ocrx_word' id='word_1_57' title='bbox 526 1018 561 1082; x_wconf 91' lang='lat' dir='ltr'>in</span> <span class='ocrx_word' id='word_1_58' title='bbox 577 1017 733 1084; x_wconf 80' lang='lat' dir='ltr'>Africam</span> <span class='ocrx_word' id='word_1_59' title='bbox 759 1019 996 1108; x_wconf 65' lang='lat' dir='ltr'>redirenatque</span> <span class='ocrx_word' id='word_1_60' title='bbox 1012 1021 1110 1086; x_wconf 87' lang='lat' dir='ltr'>Italia</span> <span class='ocrx_word' id='word_1_61' title='bbox 1132 1023 1245 1086; x_wconf 70' lang='lat' dir='ltr'>dece«</span> 
     </span>
     <span class='ocr_line' id='line_1_11' title="bbox 186 1117 1242 1195; baseline 0.002 -11"><span class='ocrx_word' id='word_1_62' title='bbox 186 1117 268 1184; x_wconf 89' lang='lat' dir='ltr'>dere</span> <span class='ocrx_word' id='word_1_63' title='bbox 284 1130 422 1184; x_wconf 90' lang='lat' dir='ltr'>coactus</span> <span class='ocrx_word' id='word_1_64' title='bbox 439 1130 509 1191; x_wconf 71' lang='grc' dir='ltr'>θεῖς</span> <span class='ocrx_word' id='word_1_65' title='bbox 526 1129 665 1183; x_wconf 91' lang='lat' dir='ltr'>ornetur</span> <span class='ocrx_word' id='word_1_66' title='bbox 678 1119 763 1184; x_wconf 81' lang='lat' dir='ltr'>atter</span> <span class='ocrx_word' id='word_1_67' title='bbox 780 1120 907 1188; x_wconf 85' lang='lat' dir='ltr'>eximia</span> <span class='ocrx_word' id='word_1_68' title='bbox 924 1121 1242 1195; x_wconf 83' lang='lat' dir='ltr'>laudeAfricanus,</span> 
     </span>
     <span class='ocr_line' id='line_1_12' title="bbox 186 1217 1245 1308; baseline 0.003 -25"><span class='ocrx_word' id='word_1_69' title='bbox 186 1218 244 1305; x_wconf 92' lang='lat' dir='ltr'>qui</span> <span class='ocrx_word' id='word_1_70' title='bbox 262 1218 347 1284; x_wconf 93' lang='lat' dir='ltr'>duas</span> <span class='ocrx_word' id='word_1_71' title='bbox 362 1219 454 1284; x_wconf 89' lang='lat' dir='ltr'>urbis</span> <span class='ocrx_word' id='word_1_72' title='bbox 471 1217 551 1284; x_wconf 90' lang='lat' dir='ltr'>huic</span> <span class='ocrx_word' id='word_1_73' title='bbox 563 1218 706 1304; x_wconf 89' lang='lat' dir='ltr'>imperio</span> <span class='ocrx_word' id='word_1_74' title='bbox 720 1219 1245 1308; x_wconf 78' lang='lat' dir='ltr'>infestissimas,Karthaginem</span> 
     </span>
     <span class='ocr_line' id='line_1_13' title="bbox 139 1318 1245 1408; baseline 0.001 -22"><span class='ocrx_word' id='word_1_75' title='bbox 139 1341 170 1378; x_wconf 89' lang='lat'>10</span> <span class='ocrx_word' id='word_1_76' title='bbox 187 1318 493 1406; x_wconf 86' lang='lat' dir='ltr'><strong>Numantiamque,</strong></span> <span class='ocrx_word' id='word_1_77' title='bbox 512 1319 657 1394; x_wconf 82' lang='lat' dir='ltr'>delevit3</span> <span class='ocrx_word' id='word_1_78' title='bbox 678 1321 846 1388; x_wconf 87' lang='lat' dir='ltr'>habeatur</span> <span class='ocrx_word' id='word_1_79' title='bbox 861 1321 914 1388; x_wconf 84' lang='lat' dir='ltr'>uir</span> <span class='ocrx_word' id='word_1_80' title='bbox 930 1323 1090 1408; x_wconf 85' lang='lat' dir='ltr'>egregius</span> <span class='ocrx_word' id='word_1_81' title='bbox 1107 1322 1245 1389; x_wconf 85' lang='lat' dir='ltr'>Paulus</span> 
     </span>
     <span class='ocr_line' id='line_1_14' title="bbox 187 1420 1247 1510; baseline 0.005 -26"><span class='ocrx_word' id='word_1_82' title='bbox 187 1420 257 1495; x_wconf 90' lang='lat' dir='ltr'>ille,</span> <span class='ocrx_word' id='word_1_83' title='bbox 276 1420 373 1507; x_wconf 90' lang='lat' dir='ltr'>cujus</span> <span class='ocrx_word' id='word_1_84' title='bbox 390 1441 526 1488; x_wconf 89' lang='lat' dir='ltr'>currum</span> <span class='ocrx_word' id='word_1_85' title='bbox 545 1441 607 1484; x_wconf 87' lang='lat' dir='ltr'>rex</span> <span class='ocrx_word' id='word_1_86' title='bbox 631 1421 885 1506; x_wconf 86' lang='lat' dir='ltr'>potentissimus</span> <span class='ocrx_word' id='word_1_87' title='bbox 902 1425 1079 1510; x_wconf 86' lang='lat' dir='ltr'>quondam.</span> <span class='ocrx_word' id='word_1_88' title='bbox 1093 1435 1125 1487; x_wconf 89' lang='lat' dir='ltr'>et</span> <span class='ocrx_word' id='word_1_89' title='bbox 1141 1424 1247 1488; x_wconf 92' lang='lat' dir='ltr'>nobi·</span> 
     </span>
    </p>

    <p class='ocr_par' dir='ltr' id='par_1_4' title="bbox 76 1519 1246 1811">
     <span class='ocr_line' id='line_1_15' title="bbox 76 1519 1243 1610; baseline 0 -21"><span class='ocrx_word' id='word_1_90' title='bbox 76 1565 105 1580; x_wconf 55' lang='grc'>.-</span> <span class='ocrx_word' id='word_1_91' title='bbox 187 1520 337 1590; x_wconf 85' lang='lat' dir='ltr'>lissimus</span> <span class='ocrx_word' id='word_1_92' title='bbox 354 1519 476 1586; x_wconf 89' lang='lat' dir='ltr'>Perses</span> <span class='ocrx_word' id='word_1_93' title='bbox 502 1521 713 1596; x_wconf 83' lang='lat' dir='ltr'>honestavit3</span> <span class='ocrx_word' id='word_1_94' title='bbox 739 1522 782 1588; x_wconf 89' lang='lat' dir='ltr'>sit</span> <span class='ocrx_word' id='word_1_95' title='bbox 798 1536 936 1588; x_wconf 88' lang='lat' dir='ltr'>aeterna</span> <span class='ocrx_word' id='word_1_96' title='bbox 962 1524 1072 1610; x_wconf 89' lang='lat' dir='ltr'>gloria</span> <span class='ocrx_word' id='word_1_97' title='bbox 1089 1523 1243 1600; x_wconf 74' lang='lat' dir='ltr'>Marino,</span> 
     </span>
     <span class='ocr_line' id='line_1_16' title="bbox 186 1619 1244 1706; baseline 0.005 -22"><span class='ocrx_word' id='word_1_98' title='bbox 186 1620 313 1706; x_wconf 90' lang='lat' dir='ltr'>quibis</span> <span class='ocrx_word' id='word_1_99' title='bbox 335 1619 470 1689; x_wconf 89' lang='lat' dir='ltr'>Italiam</span> <span class='ocrx_word' id='word_1_100' title='bbox 494 1620 674 1686; x_wconf 88' lang='lat' dir='ltr'>obsidione</span> <span class='ocrx_word' id='word_1_101' title='bbox 700 1634 733 1686; x_wconf 90' lang='lat' dir='ltr'>et</span> <span class='ocrx_word' id='word_1_102' title='bbox 750 1634 841 1688; x_wconf 90' lang='lat' dir='ltr'>metu</span> <span class='ocrx_word' id='word_1_103' title='bbox 867 1624 1035 1688; x_wconf 81' lang='lat' dir='ltr'>seruitutis</span> <span class='ocrx_word' id='word_1_104' title='bbox 1062 1624 1244 1699; x_wconf 84' lang='lat' dir='ltr'>liberavit3</span> 
     </span>
     <span class='ocr_line' id='line_1_17' title="bbox 188 1720 1246 1811; baseline 0.003 -25"><span class='ocrx_word' id='word_1_105' title='bbox 188 1732 413 1805; x_wconf 84' lang='lat' dir='ltr'>anteponatur</span> <span class='ocrx_word' id='word_1_106' title='bbox 427 1721 587 1786; x_wconf 88' lang='lat' dir='ltr'>omnibus</span> <span class='ocrx_word' id='word_1_107' title='bbox 604 1720 802 1806; x_wconf 90' lang='lat' dir='ltr'>Pompeius,</span> <span class='ocrx_word' id='word_1_108' title='bbox 815 1723 912 1811; x_wconf 80' lang='lat' dir='ltr'>cujus</span> <span class='ocrx_word' id='word_1_109' title='bbox 929 1745 983 1788; x_wconf 90' lang='lat' dir='ltr'>res</span> <span class='ocrx_word' id='word_1_110' title='bbox 1000 1729 1118 1811; x_wconf 86' lang='lat' dir='ltr'>gestae</span> <span class='ocrx_word' id='word_1_111' title='bbox 1136 1737 1246 1810; x_wconf 89' lang='lat' dir='ltr'>atque</span> 
     </span>
    </p>

    <p class='ocr_par' dir='ltr' id='par_1_5' title="bbox 138 1820 1248 2308">
     <span class='ocr_line' id='line_1_18' title="bbox 138 1820 1246 1910; baseline 0.009 -32"><span class='ocrx_word' id='word_1_112' title='bbox 138 1841 168 1894; x_wconf 83' lang='lat'>15</span> <span class='ocrx_word' id='word_1_113' title='bbox 187 1820 325 1888; x_wconf 84' lang='lat' dir='ltr'>,virtutes</span> <span class='ocrx_word' id='word_1_114' title='bbox 349 1821 457 1886; x_wconf 85' lang='lat' dir='ltr'>isdem</span> <span class='ocrx_word' id='word_1_115' title='bbox 484 1821 608 1906; x_wconf 90' lang='lat' dir='ltr'>quibus</span> <span class='ocrx_word' id='word_1_116' title='bbox 644 1823 725 1888; x_wconf 86' lang='lat' dir='ltr'>solis</span> <span class='ocrx_word' id='word_1_117' title='bbox 749 1843 869 1888; x_wconf 91' lang='lat' dir='ltr'>cursus</span> <span class='ocrx_word' id='word_1_118' title='bbox 893 1823 1091 1910; x_wconf 76' lang='lat' dir='ltr'>regionibus</span> <span class='ocrx_word' id='word_1_119' title='bbox 1115 1846 1156 1889; x_wconf 91' lang='lat' dir='ltr'>ac</span> <span class='ocrx_word' id='word_1_120' title='bbox 1171 1838 1246 1889; x_wconf 89' lang='lat' dir='ltr'>ter-</span> 
     </span>
     <span class='ocr_line' id='line_1_19' title="bbox 188 1919 1247 2007; baseline 0.008 -25"><span class='ocrx_word' id='word_1_121' title='bbox 188 1919 297 1990; x_wconf 88' lang='lat' dir='ltr'>minis.</span> <span class='ocrx_word' id='word_1_122' title='bbox 317 1921 552 1992; x_wconf 85' lang='lat' dir='ltr'>continentur:</span> <span class='ocrx_word' id='word_1_123' title='bbox 586 1921 648 1985; x_wconf 90' lang='lat' dir='ltr'>erit</span> <span class='ocrx_word' id='word_1_124' title='bbox 676 1922 827 2007; x_wconf 86' lang='lat' dir='ltr'>profecto</span> <span class='ocrx_word' id='word_1_125' title='bbox 854 1923 941 1988; x_wconf 88' lang='lat' dir='ltr'>inter</span> <span class='ocrx_word' id='word_1_126' title='bbox 966 1925 1088 1987; x_wconf 86' lang='lat' dir='ltr'>borum</span> <span class='ocrx_word' id='word_1_127' title='bbox 1119 1925 1247 1990; x_wconf 79' lang='lat' dir='ltr'>laudes</span> 
     </span>
     <span class='ocr_line' id='line_1_20' title="bbox 187 2019 1248 2111; baseline 0.008 -29"><span class='ocrx_word' id='word_1_128' title='bbox 187 2019 316 2105; x_wconf 89' lang='lat' dir='ltr'>aliquid</span> <span class='ocrx_word' id='word_1_129' title='bbox 333 2020 399 2084; x_wconf 92' lang='lat' dir='ltr'>loci</span> <span class='ocrx_word' id='word_1_130' title='bbox 417 2033 552 2086; x_wconf 89' lang='lat' dir='ltr'>nostrae</span> <span class='ocrx_word' id='word_1_131' title='bbox 570 2021 703 2108; x_wconf 69' lang='lat' dir='ltr'>gloria,</span> <span class='ocrx_word' id='word_1_132' title='bbox 716 2023 836 2088; x_wconf 85' lang='lat' dir='ltr'>-nisi</span> <span class='ocrx_word' id='word_1_133' title='bbox 848 2023 936 2087; x_wconf 48' lang='lat' dir='ltr'>¹forte</span> <span class='ocrx_word' id='word_1_134' title='bbox 956 2024 1064 2111; x_wconf 88' lang='lat' dir='ltr'>majus</span> <span class='ocrx_word' id='word_1_135' title='bbox 1081 2037 1130 2088; x_wconf 85' lang='lat' dir='ltr'>est</span> <span class='ocrx_word' id='word_1_136' title='bbox 1145 2037 1248 2108; x_wconf 86' lang='lat' dir='ltr'>pate-</span> 
     </span>
     <span class='ocr_line' id='line_1_21' title="bbox 188 2118 1246 2210; baseline 0.002 -23"><span class='ocrx_word' id='word_1_137' title='bbox 188 2118 303 2187; x_wconf 80' lang='lat' dir='ltr'>facere</span> <span class='ocrx_word' id='word_1_138' title='bbox 332 2121 430 2186; x_wconf 90' lang='lat' dir='ltr'>nobis</span> <span class='ocrx_word' id='word_1_139' title='bbox 462 2120 656 2204; x_wconf 90' lang='lat' dir='ltr'>provincias</span> <span class='ocrx_word' id='word_1_140' title='bbox 687 2143 755 2209; x_wconf 90' lang='lat' dir='ltr'>quo</span> <span class='ocrx_word' id='word_1_141' title='bbox 788 2123 884 2186; x_wconf 86' lang='lat' dir='ltr'>exire</span> <span class='ocrx_word' id='word_1_142' title='bbox 919 2123 1110 2207; x_wconf 85' lang='lat' dir='ltr'>possimus,·</span> <span class='ocrx_word' id='word_1_143' title='bbox 1133 2146 1246 2210; x_wconf 88' lang='lat' dir='ltr'>quam</span> 
     </span>
     <span class='ocr_line' id='line_1_22' title="bbox 188 2220 1247 2308; baseline 0.006 -24"><span class='ocrx_word' id='word_1_144' title='bbox 188 2239 308 2284; x_wconf 89' lang='lat' dir='ltr'>curare</span> <span class='ocrx_word' id='word_1_145' title='bbox 333 2230 369 2284; x_wconf 90' lang='lat' dir='ltr'>ut</span> <span class='ocrx_word' id='word_1_146' title='bbox 395 2220 497 2286; x_wconf 92' lang='lat' dir='ltr'>etiam</span> <span class='ocrx_word' id='word_1_147' title='bbox 525 2221 573 2305; x_wconf 75' lang='lat' dir='ltr'>itti</span> <span class='ocrx_word' id='word_1_148' title='bbox 602 2222 660 2307; x_wconf 93' lang='lat' dir='ltr'>qui</span> <span class='ocrx_word' id='word_1_149' title='bbox 689 2223 813 2287; x_wconf 88' lang='lat' dir='ltr'>absunt</span> <span class='ocrx_word' id='word_1_150' title='bbox 835 2224 984 2286; x_wconf 88' lang='lat' dir='ltr'>habeant</span> <span class='ocrx_word' id='word_1_151' title='bbox 1003 2226 1247 2308; x_wconf 83' lang='lat' dir='ltr'>quovictores</span> 
     </span>
    </p>

    <p class='ocr_par' dir='ltr' id='par_1_6' title="bbox 135 2319 1327 2809">
     <span class='ocr_line' id='line_1_23' title="bbox 135 2319 1248 2409; baseline 0.011 -31"><span class='ocrx_word' id='word_1_152' title='bbox 135 2343 167 2378; x_wconf 60' lang='grc' dir='ltr'>ιο</span> <span class='ocrx_word' id='word_1_153' title='bbox 187 2331 410 2384; x_wconf 89' lang='lat' dir='ltr'>revertantur.</span> <span class='ocrx_word' id='word_1_154' title='bbox 470 2337 518 2386; x_wconf 79' lang='lat' dir='ltr'>aa.</span> <span class='ocrx_word' id='word_1_155' title='bbox 553 2319 777 2409; x_wconf 70' lang='lat' dir='ltr'>Quamquam</span> <span class='ocrx_word' id='word_1_156' title='bbox 805 2333 856 2387; x_wconf 89' lang='lat' dir='ltr'>est</span> <span class='ocrx_word' id='word_1_157' title='bbox 883 2345 951 2386; x_wconf 89' lang='lat' dir='ltr'>uno</span> <span class='ocrx_word' id='word_1_158' title='bbox 979 2324 1055 2388; x_wconf 90' lang='lat' dir='ltr'>loco</span> <span class='ocrx_word' id='word_1_159' title='bbox 1083 2325 1248 2390; x_wconf 87' lang='lat' dir='ltr'>condicio</span> 
     </span>
     <span class='ocr_line' id='line_1_24' title="bbox 188 2420 1246 2510; baseline 0.005 -26"><span class='ocrx_word' id='word_1_160' title='bbox 188 2420 308 2484; x_wconf 89' lang='lat' dir='ltr'>melior</span> <span class='ocrx_word' id='word_1_161' title='bbox 339 2433 501 2486; x_wconf 77' lang='lat' dir='ltr'>externae</span> <span class='ocrx_word' id='word_1_162' title='bbox 529 2422 692 2486; x_wconf 88' lang='lat' dir='ltr'>victoriae</span> <span class='ocrx_word' id='word_1_163' title='bbox 719 2443 822 2508; x_wconf 92' lang='lat' dir='ltr'>quam</span> <span class='ocrx_word' id='word_1_164' title='bbox 856 2423 1246 2510; x_wconf 63' lang='lat' dir='ltr'>domesticae-quod</span> 
     </span>
     <span class='ocr_line' id='line_1_25' title="bbox 188 2520 1327 2610; baseline 0.004 -26"><span class='ocrx_word' id='word_1_165' title='bbox 188 2520 302 2586; x_wconf 88' lang='lat' dir='ltr'>hostes</span> <span class='ocrx_word' id='word_1_166' title='bbox 331 2521 548 2610; x_wconf 83' lang='lat' dir='ltr'>alienigenae</span> <span class='ocrx_word' id='word_1_167' title='bbox 578 2534 635 2586; x_wconf 90' lang='lat' dir='ltr'>aut</span> <span class='ocrx_word' id='word_1_168' title='bbox 662 2523 1004 2607; x_wconf 85' lang='lat' dir='ltr'>oppressiserviunt,</span> <span class='ocrx_word' id='word_1_169' title='bbox 1030 2535 1087 2588; x_wconf 87' lang='lat' dir='ltr'>aut</span> <span class='ocrx_word' id='word_1_170' title='bbox 1112 2526 1246 2608; x_wconf 84' lang='lat' dir='ltr'>recepti</span> <span class='ocrx_word' id='word_1_171' title='bbox 1326 2531 1327 2534; x_wconf 73' lang='grc'>’</span> 
     </span>
     <span class='ocr_line' id='line_1_26' title="bbox 187 2613 1327 2710; baseline 0.003 -24"><span class='ocrx_word' id='word_1_172' title='bbox 187 2620 223 2686; x_wconf 89' lang='lat' dir='ltr'>in</span> <span class='ocrx_word' id='word_1_173' title='bbox 247 2621 430 2686; x_wconf 86' lang='lat' dir='ltr'>amicitiam</span> <span class='ocrx_word' id='word_1_174' title='bbox 452 2623 618 2688; x_wconf 82' lang='lat' dir='ltr'>bene-ticio</span> <span class='ocrx_word' id='word_1_175' title='bbox 641 2645 678 2687; x_wconf 86' lang='lat' dir='ltr'>se</span> <span class='ocrx_word' id='word_1_176' title='bbox 697 2623 1026 2710; x_wconf 81' lang='lat' dir='ltr'>obligatosputant3</span> <span class='ocrx_word' id='word_1_177' title='bbox 1050 2623 1111 2709; x_wconf 93' lang='lat' dir='ltr'>qui.</span> <span class='ocrx_word' id='word_1_178' title='bbox 1125 2637 1244 2689; x_wconf 84' lang='lat' dir='ltr'>autem</span> <span class='ocrx_word' id='word_1_179' title='bbox 1326 2613 1327 2638; x_wconf 69' lang='lat'>³</span> 
     </span>
     <span class='ocr_line' id='line_1_27' title="bbox 187 2723 1327 2809; baseline 0.004 -24"><span class='ocrx_word' id='word_1_180' title='bbox 187 2743 232 2786; x_wconf 87' lang='lat' dir='ltr'>ex</span> <span class='ocrx_word' id='word_1_181' title='bbox 256 2745 398 2787; x_wconf 91' lang='lat' dir='ltr'>numero</span> <span class='ocrx_word' id='word_1_182' title='bbox 423 2723 561 2798; x_wconf 88' lang='lat' dir='ltr'>civium,</span> <span class='ocrx_word' id='word_1_183' title='bbox 583 2723 761 2788; x_wconf 50' lang='lat' dir='ltr'>dementia*</span> <span class='ocrx_word' id='word_1_184' title='bbox 779 2723 899 2809; x_wconf 89' lang='lat' dir='ltr'>aliqua·</span> <span class='ocrx_word' id='word_1_185' title='bbox 913 2724 1245 2808; x_wconf 84' lang='lat' dir='ltr'>depravati‚b0stes</span> <span class='ocrx_word' id='word_1_186' title='bbox 1326 2741 1327 2748; x_wconf 76' lang='grc'>’</span> 
     </span>
    </p>

    <p class='ocr_par' dir='ltr' id='par_1_7' title="bbox 136 2823 1243 3314">
     <span class='ocr_line' id='line_1_28' title="bbox 136 2823 1243 2909; baseline 0.003 -22"><span class='ocrx_word' id='word_1_187' title='bbox 136 2843 166 2895; x_wconf 77' lang='lat'>25</span> <span class='ocrx_word' id='word_1_188' title='bbox 189 2823 318 2908; x_wconf 86' lang='lat' dir='ltr'>patriae</span> <span class='ocrx_word' id='word_1_189' title='bbox 342 2826 448 2890; x_wconf 87' lang='lat' dir='ltr'>semel</span> <span class='ocrx_word' id='word_1_190' title='bbox 473 2847 548 2890; x_wconf 87' lang='lat' dir='ltr'>esse</span> <span class='ocrx_word' id='word_1_191' title='bbox 578 2837 775 2909; x_wconf 88' lang='lat' dir='ltr'>coeperunt,</span> <span class='ocrx_word' id='word_1_192' title='bbox 795 2845 853 2888; x_wconf 88' lang='lat' dir='ltr'>eos</span> <span class='ocrx_word' id='word_1_193' title='bbox 881 2845 959 2887; x_wconf 93' lang='lat' dir='ltr'>cum</span> <span class='ocrx_word' id='word_1_194' title='bbox 983 2825 1171 2908; x_wconf 88' lang='lat' dir='ltr'>apernicie</span> <span class='ocrx_word' id='word_1_195' title='bbox 1188 2828 1243 2890; x_wconf 86' lang='lat' dir='ltr'>rei</span> 
     </span>
     <span class='ocr_line' id='line_1_29' title="bbox 188 2923 1242 3010; baseline 0.004 -23"><span class='ocrx_word' id='word_1_196' title='bbox 188 2923 346 3009; x_wconf 89' lang='lat' dir='ltr'>publicae</span> <span class='ocrx_word' id='word_1_197' title='bbox 377 2926 583 3010; x_wconf 91' lang='lat' dir='ltr'>reppuleris‚·</span> <span class='ocrx_word' id='word_1_198' title='bbox 614 2947 679 2990; x_wconf 88' lang='lat' dir='ltr'>nec</span> <span class='ocrx_word' id='word_1_199' title='bbox 710 2925 743 2987; x_wconf 85' lang='lat' dir='ltr'>vi</span> <span class='ocrx_word' id='word_1_200' title='bbox 775 2945 932 2988; x_wconf 85' lang='lat' dir='ltr'>coercere</span> <span class='ocrx_word' id='word_1_201' title='bbox 973 2945 1037 2989; x_wconf 88' lang='lat' dir='ltr'>nec</span> <span class='ocrx_word' id='word_1_202' title='bbox 1068 2925 1242 2992; x_wconf 89' lang='lat' dir='ltr'>beneticio</span> 
     </span>
     <span class='ocr_line' id='line_1_30' title="bbox 188 3024 1239 3112; baseline 0.003 -24"><span class='ocrx_word' id='word_1_203' title='bbox 188 3026 327 3110; x_wconf 87' lang='lat' dir='ltr'>placare</span> <span class='ocrx_word' id='word_1_204' title='bbox 352 3027 473 3112; x_wconf 90' lang='lat' dir='ltr'>possis.</span> <span class='ocrx_word' id='word_1_205' title='bbox 533 3025 626 3112; x_wconf 79' lang='lat' dir='ltr'>Qua</span> <span class='ocrx_word' id='word_1_206' title='bbox 658 3047 695 3106; x_wconf 83' lang='lat' dir='ltr'>re</span> <span class='ocrx_word' id='word_1_207' title='bbox 728 3024 809 3088; x_wconf 89' lang='lat' dir='ltr'>mihi</span> <span class='ocrx_word' id='word_1_208' title='bbox 833 3045 910 3088; x_wconf 94' lang='lat' dir='ltr'>cum</span> <span class='ocrx_word' id='word_1_209' title='bbox 943 3024 1082 3107; x_wconf 86' lang='lat' dir='ltr'>perditis</span> <span class='ocrx_word' id='word_1_210' title='bbox 1104 3025 1239 3092; x_wconf 88' lang='lat' dir='ltr'>civibus</span> 
     </span>
     <span class='ocr_line' id='line_1_31' title="bbox 188 3124 1239 3212; baseline 0.002 -22"><span class='ocrx_word' id='word_1_211' title='bbox 188 3138 362 3190; x_wconf 86' lang='lat' dir='ltr'>aeternum</span> <span class='ocrx_word' id='word_1_212' title='bbox 381 3127 507 3190; x_wconf 89' lang='lat' dir='ltr'>bellum</span> <span class='ocrx_word' id='word_1_213' title='bbox 526 3139 720 3211; x_wconf 89' lang='lat' dir='ltr'>susceptum</span> <span class='ocrx_word' id='word_1_214' title='bbox 739 3147 816 3190; x_wconf 88' lang='lat' dir='ltr'>esse</span> <span class='ocrx_word' id='word_1_215' title='bbox 831 3125 939 3189; x_wconf 90' lang='lat' dir='ltr'>video.</span> <span class='ocrx_word' id='word_1_216' title='bbox 985 3124 1024 3190; x_wconf 86' lang='lat' dir='ltr'>ld</span> <span class='ocrx_word' id='word_1_217' title='bbox 1042 3147 1107 3212; x_wconf 89' lang='lat' dir='ltr'>ego</span> <span class='ocrx_word' id='word_1_218' title='bbox 1124 3140 1239 3192; x_wconf 87' lang='lat' dir='ltr'>vestro</span> 
     </span>
     <span class='ocr_line' id='line_1_32' title="bbox 187 3225 1237 3314; baseline 0.001 -24"><span class='ocrx_word' id='word_1_219' title='bbox 187 3225 422 3314; x_wconf 87' lang='lat' dir='ltr'>bonorumque</span> <span class='ocrx_word' id='word_1_220' title='bbox 446 3228 597 3291; x_wconf 90' lang='lat' dir='ltr'>omnium</span> <span class='ocrx_word' id='word_1_221' title='bbox 631 3225 772 3299; x_wconf 82' lang='lat' dir='ltr'>auxilio,</span> <span class='ocrx_word' id='word_1_222' title='bbox 801 3225 1033 3310; x_wconf 82' lang='lat' dir='ltr'>memoriaque</span> <span class='ocrx_word' id='word_1_223' title='bbox 1065 3237 1237 3291; x_wconf 88' lang='lat' dir='ltr'>tantorum</span> 
     </span>
    </p>

    <p class='ocr_par' dir='ltr' id='par_1_8' title="bbox 136 3326 1327 3812">
     <span class='ocr_line' id='line_1_33' title="bbox 136 3326 1236 3413; baseline 0 -23"><span class='ocrx_word' id='word_1_224' title='bbox 136 3343 167 3394; x_wconf 86' lang='lat'>30</span> <span class='ocrx_word' id='word_1_225' title='bbox 188 3327 587 3412; x_wconf 46' lang='lat' dir='ltr'>periculorumf-*quae</span> <span class='ocrx_word' id='word_1_226' title='bbox 619 3348 685 3389; x_wconf 91' lang='lat' dir='ltr'>non</span> <span class='ocrx_word' id='word_1_227' title='bbox 720 3327 821 3391; x_wconf 93' lang='lat' dir='ltr'>modo</span> <span class='ocrx_word' id='word_1_228' title='bbox 853 3326 887 3389; x_wconf 90' lang='lat' dir='ltr'>in</span> <span class='ocrx_word' id='word_1_229' title='bbox 921 3326 986 3389; x_wconf 91' lang='lat' dir='ltr'>hoc</span> <span class='ocrx_word' id='word_1_230' title='bbox 1014 3327 1152 3410; x_wconf 90' lang='lat' dir='ltr'>populo,</span> <span class='ocrx_word' id='word_1_231' title='bbox 1177 3329 1236 3413; x_wconf 86' lang='lat' dir='ltr'>qui</span> 
     </span>
     <span class='ocr_line' id='line_1_34' title="bbox 187 3425 1237 3512; baseline 0.002 -23"><span class='ocrx_word' id='word_1_232' title='bbox 187 3439 340 3490; x_wconf 85' lang='lat' dir='ltr'>servatus</span> <span class='ocrx_word' id='word_1_233' title='bbox 364 3440 426 3494; x_wconf 84' lang='lat' dir='ltr'>est.</span> <span class='ocrx_word' id='word_1_234' title='bbox 453 3428 513 3491; x_wconf 87' lang='lat' dir='ltr'>sed</span> <span class='ocrx_word' id='word_1_235' title='bbox 538 3427 572 3490; x_wconf 92' lang='lat' dir='ltr'>in</span> <span class='ocrx_word' id='word_1_236' title='bbox 597 3426 748 3491; x_wconf 89' lang='lat' dir='ltr'>omnium</span> <span class='ocrx_word' id='word_1_237' title='bbox 778 3427 931 3512; x_wconf 90' lang='lat' dir='ltr'>gen-tium</span> <span class='ocrx_word' id='word_1_238' title='bbox 956 3425 1170 3490; x_wconf 87' lang='lat' dir='ltr'>sermonibus</span> <span class='ocrx_word' id='word_1_239' title='bbox 1195 3447 1237 3491; x_wconf 88' lang='lat' dir='ltr'>ac</span> 
     </span>
     <span class='ocr_line' id='line_1_35' title="bbox 190 3526 1327 3612; baseline 0.004 -24"><span class='ocrx_word' id='word_1_240' title='bbox 190 3527 357 3590; x_wconf 88' lang='lat' dir='ltr'>mentibus</span> <span class='ocrx_word' id='word_1_241' title='bbox 381 3548 517 3611; x_wconf 86' lang='lat' dir='ltr'>semper</span> <span class='ocrx_word' id='word_1_242' title='bbox 535 3526 698 3599; x_wconf 86' lang='lat' dir='ltr'>haerebit,</span> <span class='ocrx_word' id='word_1_243' title='bbox 710 3563 755 3574; x_wconf 85' lang='lat'>—</span> <span class='ocrx_word' id='word_1_244' title='bbox 769 3548 794 3588; x_wconf 84' lang='lat' dir='ltr'>a</span> <span class='ocrx_word' id='word_1_245' title='bbox 806 3549 859 3590; x_wconf 91' lang='lat' dir='ltr'>me</span> <span class='ocrx_word' id='word_1_246' title='bbox 877 3541 977 3612; x_wconf 86' lang='lat' dir='ltr'>atque</span> <span class='ocrx_word' id='word_1_247' title='bbox 996 3547 1015 3589; x_wconf 89' lang='lat' dir='ltr'>a</span> <span class='ocrx_word' id='word_1_248' title='bbox 1033 3526 1117 3589; x_wconf 89' lang='lat' dir='ltr'>meis</span> <span class='ocrx_word' id='word_1_249' title='bbox 1135 3527 1236 3592; x_wconf 83' lang='lat' dir='ltr'>facile</span> <span class='ocrx_word' id='word_1_250' title='bbox 1326 3531 1327 3534; x_wconf 69' lang='grc'>’</span> 
     </span>
     <span class='ocr_line' id='line_1_36' title="bbox 188 3625 1234 3710; baseline 0.004 -23"><span class='ocrx_word' id='word_1_251' title='bbox 188 3627 377 3708; x_wconf 90' lang='lat' dir='ltr'>propulsari</span> <span class='ocrx_word' id='word_1_252' title='bbox 404 3649 504 3710; x_wconf 88' lang='lat' dir='ltr'>posse</span> <span class='ocrx_word' id='word_1_253' title='bbox 531 3627 699 3690; x_wconf 82' lang='lat' dir='ltr'>confido·</span> <span class='ocrx_word' id='word_1_254' title='bbox 726 3625 849 3710; x_wconf 82' lang='lat' dir='ltr'>Neque</span> <span class='ocrx_word' id='word_1_255' title='bbox 874 3629 943 3690; x_wconf 87' lang='lat' dir='ltr'>ulla</span> <span class='ocrx_word' id='word_1_256' title='bbox 970 3626 1120 3710; x_wconf 82' lang='lat' dir='ltr'>profecto</span> <span class='ocrx_word' id='word_1_257' title='bbox 1142 3637 1234 3691; x_wconf 86' lang='lat' dir='ltr'>tanta</span> 
     </span>
     <span class='ocr_line' id='line_1_37' title="bbox 187 3723 1235 3812; baseline 0.006 -28"><span class='ocrx_word' id='word_1_258' title='bbox 187 3723 238 3788; x_wconf 90' lang='lat' dir='ltr'>vis</span> <span class='ocrx_word' id='word_1_259' title='bbox 264 3726 462 3808; x_wconf 87' lang='lat' dir='ltr'>reperietur,</span> <span class='ocrx_word' id='word_1_260' title='bbox 488 3746 576 3809; x_wconf 89' lang='lat' dir='ltr'>quae</span> <span class='ocrx_word' id='word_1_261' title='bbox 603 3724 876 3810; x_wconf 88' lang='lat' dir='ltr'>conjunctionem</span> <span class='ocrx_word' id='word_1_262' title='bbox 893 3739 1039 3790; x_wconf 89' lang='lat' dir='ltr'>vestram</span> <span class='ocrx_word' id='word_1_263' title='bbox 1069 3726 1235 3812; x_wconf 91' lang='lat' dir='ltr'>equitum-</span> 
     </span>
    </p>

    <p class='ocr_par' dir='ltr' id='par_1_9' title="bbox 136 3822 1234 4010">
     <span class='ocr_line' id='line_1_38' title="bbox 136 3822 1234 3906; baseline 0.004 -18"><span class='ocrx_word' id='word_1_264' title='bbox 136 3839 167 3888; x_wconf 84' lang='lat'>35</span> <span class='ocrx_word' id='word_1_265' title='bbox 187 3842 253 3904; x_wconf 90' lang='lat' dir='ltr'>que</span> <span class='ocrx_word' id='word_1_266' title='bbox 278 3822 528 3894; x_wconf 87' lang='lat' dir='ltr'>Romanorum,</span> <span class='ocrx_word' id='word_1_267' title='bbox 548 3835 579 3886; x_wconf 92' lang='lat' dir='ltr'>et</span> <span class='ocrx_word' id='word_1_268' title='bbox 604 3835 731 3886; x_wconf 88' lang='lat' dir='ltr'>tantam</span> <span class='ocrx_word' id='word_1_269' title='bbox 756 3823 1041 3906; x_wconf 88' lang='lat' dir='ltr'>conspirationem</span> <span class='ocrx_word' id='word_1_270' title='bbox 1066 3825 1234 3892; x_wconf 89' lang='lat' dir='ltr'>bonorum</span> 
     </span>
     <span class='ocr_line' id='line_1_39' title="bbox 187 3920 1046 4010; baseline 0.006 -28"><span class='ocrx_word' id='word_1_271' title='bbox 187 3921 352 3992; x_wconf 86' lang='lat' dir='ltr'>omnium,</span> <span class='ocrx_word' id='word_1_272' title='bbox 371 3920 586 4006; x_wconf 82' lang='lat' dir='ltr'>confringere</span> <span class='ocrx_word' id='word_1_273' title='bbox 604 3932 637 3984; x_wconf 91' lang='lat' dir='ltr'>et</span> <span class='ocrx_word' id='word_1_274' title='bbox 652 3921 857 3984; x_wconf 82' lang='lat' dir='ltr'>labefactare</span> <span class='ocrx_word' id='word_1_275' title='bbox 875 3924 991 4006; x_wconf 86' lang='lat' dir='ltr'>possit.</span> <span class='ocrx_word' id='word_1_276' title='bbox 1039 3991 1046 4010; x_wconf 8' lang='grc' dir='ltr'>,Ἴ</span> 
     </span>
    </p>
   </div>
   <div class='ocr_carea' id='block_1_4' title="bbox 0 0 1338 4262">
    <p class='ocr_par' dir='ltr' id='par_1_10' title="bbox 0 0 1338 4262">
     <span class='ocr_line' id='line_1_40' title="bbox 0 0 1338 4262; baseline 0 0"><span class='ocrx_word' id='word_1_277' title='bbox 0 0 1338 4262; x_wconf 95' lang='lat' dir='ltr'> </span> 
     </span>
    </p>
   </div>
  </div>
 </body>
</html>
