2716 4266
215 209 281 276 228
549 210 637 277 Pleu
651 213 722 296 sor
743 209 929 300 Ligarius.
1149 209 1277 280 UAGAR¹

214 421 325 477 tuerat
340 433 518 479 excusare.
570 411 670 478 Haec
681 411 753 500 'ego
769 413 849 478 novi
866 412 1003 499 'propter
1019 411 1137 478 omnis
1155 433 1277 480 neces-

214 512 379 576 situdines
395 535 484 598 quae
502 513 584 576 mihi
602 525 680 577 sunt
696 535 775 577 cum
790 511 837 577 L.
855 513 1063 578 Tuberone:
1088 514 1194 578 domi·
1208 536 1276 578 una

215 613 350 687 eruditi,
377 613 516 678 militiae
548 614 822 687 contubernales,
843 626 918 698 post
948 614 1096 687 adfines,
1117 615 1155 678 in
1181 616 1274 679 omni

215 711 362 797 denique
393 712 462 776 vita
493 713 700 776 familiares:
738 733 904 800 magnum
940 714 1042 778 etiam
1075 715 1273 786 vinculum,

162 826 176 882 5
214 814 306 897 quod
334 813 441 877 isdem
470 813 590 878 studiis
621 833 757 898 semper
789 813 841 878 usi
872 835 1005 880 sumus.
1053 813 1141 880 Scio
1170 816 1276 903 igitur

214 911 433 977 Tuberonem
460 914 555 978 domi
589 933 727 977 manere
759 913 930 980 voluisse:
963 915 1024 980 sed
1053 915 1100 978 ita
1128 917 1274 1002 quidam

214 1013 354 1099 agebat,
381 1013 427 1077 ita
453 1013 501 1078 rei
528 1012 686 1098 publicae
716 1015 971 1080 sanctissimum
1002 1036 1130 1079 nomen
1165 1037 1277 1102 oppo-

215 1112 330 1186 nebat,
360 1125 409 1186 ut,
441 1113 544 1178 etiam
575 1112 605 1178 si
636 1112 734 1178 aliter
759 1115 910 1190 sentiret,
937 1115 1120 1180 verborum
1154 1127 1275 1180 tamen

106 1260 117 1278 .
214 1211 366 1296 ipsorum
408 1212 541 1298 pondus
573 1210 740 1279 sustinere
767 1235 841 1280 non
874 1226 1000 1300 posset.
1062 1231 1111 1279 ua.
1158 1215 1277 1281 Cessit

164 1337 196 1378 ιο
215 1312 405 1378 auctoritati
422 1313 624 1398 amplissimi
641 1314 718 1390 viri,
735 1315 789 1380 vel
808 1316 919 1400 potius
939 1315 1061 1401 paruit.
1111 1313 1200 1382 Una
1226 1327 1276 1380 est

213 1411 387 1496 profectus
415 1433 493 1477 cum
522 1413 584 1489 eis,
606 1435 751 1502 quorum
777 1427 852 1480 erat
877 1435 947 1478 una
975 1435 1104 1480 causa:
1140 1417 1275 1481 tardius

216 1510 278 1574 iter
305 1511 405 1583 fecit:
439 1513 552 1600 itaque
582 1515 616 1578 in
645 1514 801 1580 Africam
827 1514 921 1579 venit
943 1515 1016 1602 jam
1038 1527 1273 1601 occupatam.

219 1610 310 1676 Hinc
334 1611 369 1674 in
389 1611 568 1700 Ligarium
586 1614 715 1680 crimen
733 1615 850 1690 oritur,
868 1615 923 1678 vel
937 1615 990 1678 ira
1007 1615 1134 1701 potius.
1176 1615 1273 1680 Nam

215 1712 243 1777 si
261 1712 391 1776 crimen
408 1727 459 1778 est
478 1713 611 1802 [illurn]
632 1715 793 1789 voluisse,
812 1735 880 1778 non
900 1715 1012 1779 minus
1029 1735 1200 1802 magnum
1225 1729 1275 1780 est

165 1829 195 1886 ις
216 1833 277 1878 vos
300 1812 469 1887 Africam,
488 1835 601 1879 arcem
626 1815 779 1878 omnium
803 1813 1071 1899 provinciarum,
1090 1826 1212 1879 natam
1231 1818 1273 1880 ad

216 1914 345 1978 bellum
368 1928 486 1980 contra
509 1917 599 1980 hanc
625 1917 742 1979 urbem
770 1914 980 2001 gerundum,
996 1915 1150 1980 obtinere
1174 1918 1273 1981 volu-

214 2015 295 2088 isse,
314 2037 418 2102 quam
436 2017 639 2104 aliquem‘se
657 2014 831 2079 maluisse.
880 2011 995 2101 Atque
1015 2015 1044 2080 is
1067 2025 1185 2080 tamen
1210 2017 1274 2080 ali·

215 2116 292 2201 quis
322 2115 486 2202 Ligarius
511 2139 579 2181 non
608 2115 680 2180 tuit.
726 2113 841 2179 Varus
867 2113 1049 2199 imperium
1076 2137 1113 2180 se
1140 2116 1272 2181 habere

215 2217 372 2282 dicebat:
403 2218 505 2283 lascis
521 2229 611 2282 certe
629 2216 788 2282 habebat.
835 2231 884 2279 aa.
908 2213 979 2278 Sed
1003 2234 1141 2301 quoquo
1166 2217 1272 2280 modo

161 2325 198 2364 '2⁰
214 2339 253 2381 se
285 2319 368 2382 illud
402 2319 515 2391 babet,
547 2319 632 2382 haec
663 2316 816 2400 querella
848 2315 1001 2387 Tubero,
1029 2326 1156 2388 vestra,
1185 2316 1272 2402 quid
1339 2329 1340 2389 ξ

215 2418 328 2484 valet?
374 2418 538 2502 ‘Recepti
568 2419 601 2480 in
631 2415 841 2501 provinciam
865 2435 938 2479 non
968 2413 1109 2478 sumus!
1157 2412 1269 2498 Quid,

214 2518 242 2582 si
268 2518 409 2584 essetis?
454 2517 642 2584 Caesarine
664 2536 741 2579 eam
766 2514 919 2579 tradituri
943 2513 1064 2588 fuistis,
1083 2535 1127 2578 an
1149 2527 1269 2580 contra

215 2617 402 2684 Caesarem
429 2616 612 2683 retenturi?
659 2635 736 2678 vui.
763 2613 853 2679 Vide
881 2613 963 2700 quid
984 2612 1158 2689 licentiae,
1177 2613 1269 2680 Cae·

213 2739 282 2791 sar,
302 2719 399 2784 nobis
423 2730 480 2782 tua
498 2717 683 2782 liberalitas
703 2716 771 2788 det,
791 2714 845 2778 uel
863 2711 1178 2800 potius'audaciae.
1230 2715 1267 2780 Si

162 2821 195 2875 ²5
214 2819 426 2903 responderit
442 2818 594 2886 Tubero,
608 2816 777 2881 Africam.
790 2835 858 2900 quo
875 2826 1014 2880 senatus
1030 2833 1109 2878 eum
1123 2835 1269 2902 sorsque

213 2919 363 2992 miserat,
383 2918 441 2982 tibi
460 2929 590 3002 patrem
607 2938 706 2982 suum
725 2913 1062 2988 traditurumduisse,
1081 2935 1150 2980 non
1168 2915 1268 2980 dubi·

213 3019 292 3080 tabo
320 3018 412 3102 apud
442 3018 554 3102 ipsum
583 3029 629 3089 te,
647 3017 745 3104 cujus
777 3015 812 3081 id
844 3035 923 3078 eum
955 3013 1069 3080 lacere
1100 3013 1266 3088 interfuit,

213 3117 424 3203 gravissimis
441 3117 553 3182 verbis
570 3116 644 3204 ejus
660 3115 841 3181 consilium
866 3114 1132 3199 reprehendere.
1182 3113 1266 3181 Non

213 3217 317 3291 enim,
336 3218 363 3282 si
383 3217 501 3283 tibica
519 3239 572 3284 res
590 3227 688 3304 grata
704 3216 835 3290 luisset,
854 3225 944 3279 esset
956 3213 1062 3278 etiarn
1080 3215 1235 3300 probata.

160 3327 196 3381 30
255 3336 304 3382 at.
328 3318 398 3382 Sed
418 3319 488 3406 jam
507 3320 572 3382 hoc
588 3328 692 3380 totum
710 3317 839 3389 omitto,
858 3335 926 3379 non
943 3325 1013 3378 tam
1030 3335 1074 3382 ne
1090 3315 1264 3382 offendam

212 3430 287 3482 tuas
304 3418 568 3503 patientissimas
585 3415 688 3485 auris,
708 3436 812 3501 quam
829 3435 872 3480 ne
889 3414 1030 3478 Tubero
1050 3416 1142 3500 quod
1166 3437 1264 3482 num-

212 3539 315 3604 quam
340 3518 501 3604 cogitavit
528 3517 678 3580 facturus
710 3516 814 3579 luisse
845 3513 1013 3580 videatur.
1038 3543 1041 3551 Α
1063 3512 1263 3581 Veniebatis

212 3619 315 3703 igitur
340 3619 374 3680 in
399 3617 566 3690 Africam,
586 3615 796 3700 provinciam
817 3635 921 3677 unam
939 3635 983 3677 ex
1000 3613 1160 3678 omnibus
1186 3616 1263 3680 huic

212 3716 373 3779 victoriae
400 3716 544 3778 maxime
568 3715 739 3787 infestam,
759 3714 792 3776 in
809 3733 877 3797 qua
895 3725 966 3776 erat
986 3733 1047 3776 rex
1072 3715 1263 3797 potentissi-

161 3828 193 3882 35
213 3835 303 3884 mus,
321 3812 478 3875 inimicus
504 3813 582 3875 huic
599 3831 737 3881 causae,
756 3812 868 3874 aliena
886 3811 1055 3886 voluntas,
1074 3821 1263 3880 conventus

213 3911 300 3974 firmi
333 3921 433 3996 atque
467 3909 596 3996 magni.
662 3907 824 3992 Quem:
863 3908 946 3994 quid
977 3908 1099 3974 facturi
1132 3910 1262 3981 fuistis?
