2714 4266
191 111 232 178 52
470 95 730 182 lmpeachment
753 97 801 182 of
827 94 963 162 Verres.
1079 91 1255 162 [Vannw

191 293 377 360 Messanae
412 306 444 360 et
480 296 576 382 queri
608 296 732 382 coepit,
768 318 804 362 se
837 297 946 362 civem
979 296 1181 362 Romanum
1216 296 1255 360 in

188 396 303 460 vincla
330 418 406 462 esse
433 396 646 484 conjectum
680 397 742 462 sibi
769 409 862 462 recta
887 397 947 460 iter
972 419 1046 460 esse
1072 397 1253 470 Romam3
1325 479 1326 484 ἵ

189 497 290 560 Verri
315 517 351 562 se
375 509 511 581 praesto
536 496 730 561 advenienti
757 497 917 561 futurum.

234 611 261 658 3.
285 596 365 662 Non
383 597 603 682 intellegebat
622 597 723 661 miser
736 597 821 661 nihil
836 597 1012 672 interesse,
1027 609 1138 661 utrum
1159 598 1254 660 haec
1325 619 1326 662 t

159 695 391 776 3Messanae,
426 718 470 760 an
507 697 597 781 apud
634 697 735 762 istum
768 697 802 762 in
836 699 1005 782 praetorio
1036 699 1248 784 loqueretur.
1325 705 1326 748 l

190 797 284 861 Nam
304 799 358 881 (ut
374 809 452 862 ante
470 818 530 861 vos
548 796 667 880 docui)
690 799 778 861 banc
795 797 859 862 sibi
877 797 939 862 iste
963 798 1081 862 urbem
1106 798 1252 884 delege-

190 909 255 972 rat,
278 918 381 983 quam
408 896 549 961 haberet
573 896 773 984 adjutricem
798 898 980 972 scelerum,
1004 895 1170 961 furtorum
1196 919 1250 960 re·
1325 921 1326 980 j

191 998 388 1082 ceptricem‚
410 996 617 1084 flagitiorum
640 996 794 1060 omnium
817 985 1005 1062 consciam.
1056 997 1178 1085 Itaque
1203 998 1250 1061 ad

191 1098 427 1184 magistratum
461 1095 706 1161 Mamertinum
738 1095 850 1161 statim
884 1097 1062 1163 deducitur
1090 1097 1248 1163 Gavius:
1325 1111 1326 1170 l

143 1223 174 1260 10
190 1219 298 1284 eoque
316 1198 389 1282 ipso
407 1197 462 1262 die
479 1218 562 1262 casu
580 1195 781 1260 Messanam
802 1195 930 1262 Verres
949 1198 1051 1262 venit.
1101 1197 1176 1262 Res
1202 1198 1249 1262 ad
1325 1197 1326 1270 ]

191 1319 269 1362 eum
287 1299 456 1362 defertur:
481 1317 556 1361 esse
574 1297 683 1361 civem
701 1295 913 1372 Romanum,
932 1297 988 1383 qui
1007 1319 1043 1362 se
1061 1297 1248 1383 Syracusis
1325 1303 1326 1336 l

190 1397 225 1462 in
239 1398 411 1461 lautumiis
425 1397 530 1461 luisse
543 1409 761 1483 quereretur:
780 1419 895 1482 quem,
907 1397 980 1485 jam
995 1397 1248 1484 ingredientem

190 1497 225 1562 in
250 1520 386 1572 navem,
406 1510 439 1562 et
456 1495 558 1561 Verri
579 1496 679 1560 nimis
705 1497 861 1561 atrociter
886 1497 1110 1571 minitantem,
1135 1499 1180 1561 ab
1209 1519 1247 1562 se

190 1610 372 1662 retractum
397 1620 472 1662 esse
493 1608 526 1660 et
550 1608 775 1672 asservatum,
795 1608 830 1662 ut
845 1595 920 1683 ipse
937 1598 971 1662 in
988 1620 1067 1661 eum
1084 1610 1248 1663 statueret
1325 1609 1326 1688 ᾗ

143 1723 174 1776 ¹5
190 1699 281 1784 quod
305 1698 489 1766 videretur.

235 1812 261 1857 4.
288 1797 370 1884 Agit
396 1797 590 1862 bominibus
615 1797 759 1884 gratias,
778 1808 811 1861 et
830 1817 948 1862 eorum
969 1799 1243 1863 benevolentiam
1325 1879 1326 1888 ἵ

191 1919 274 1986 erga
292 1920 327 1962 se
348 1897 631 1984 diligentiamque
653 1898 847 1962 conlaudat.
899 1897 992 1982 lpse,
1014 1889 1246 1964 inflammatus

190 1999 320 2064 scelere
352 2008 384 2061 et
416 1998 542 2071 surore,
573 1998 607 2060 in
637 1997 745 2061 lorum
772 1998 876 2062 venit.
926 1997 1106 2063 Ardebant
1132 2001 1244 2064 oculi:

190 2110 259 2164 toto
275 2120 318 2161 ex
335 2119 393 2162 ore
411 2091 790 2162 crudelitas'eminebat.
840 2097 1096 2183 Exspectabant
1109 2122 1242 2174 omnes,

143 2224 174 2257 20
190 2220 259 2285 quo
278 2198 417 2263 tandem
438 2219 682 2284 progressurus
704 2211 761 2262 aut
781 2199 946 2284 quidnam
972 2212 1110 2264 acturus
1134 2215 1242 2276 esset3

191 2320 270 2363 cum
299 2308 439 2382 repente
469 2298 641 2362 hominem
671 2297 811 2383 proripi,
837 2313 938 2384 atque
967 2299 1000 2362 in
1030 2299 1103 2364 loro
1131 2302 1244 2366 medio

191 2399 312 2463 nudari
334 2419 375 2462 ac
395 2398 554 2485 deligari,
576 2410 609 2462 et
631 2397 748 2486 virgas
772 2399 926 2483 expediri
948 2400 1056 2486 jubet.
1105 2399 1244 2466 Clama-

191 2499 329 2568 batille
354 2497 469 2572 miser,
497 2519 532 2562 se
557 2497 668 2561 civem
695 2520 770 2562 esse
797 2497 1010 2575 Romanum,
1036 2501 1243 2588 municipem

192 2597 413 2672 Consanum3
444 2597 609 2662 meruisse
634 2619 712 2662 cum
738 2597 781 2662 L.
802 2597 948 2672 Raecio,
968 2601 1242 2684 splendidissimo

144 2724 174 2775 ²5
192 2700 303 2784 equite
333 2699 506 2770 Romano,
534 2698 590 2783 qui
620 2695 805 2763 Panhormi
835 2699 1078 2786 negotiaretur,
1105 2724 1148 2764 ex
1176 2724 1243 2788 quo

192 2800 278 2863 haec
302 2797 430 2862 Verres
454 2798 541 2861 scire
567 2809 691 2882 posset.
756 2799 848 2863 Tum
873 2799 948 2872 iste,
975 2822 1012 2864 se
1037 2803 1242 2886 comperisse

192 2920 270 2965 eum
288 2898 488 2984 speculandi
506 2918 611 2961 causa
629 2899 662 2960 in
689 2897 844 2964 Siciliam
874 2920 893 2962 a
917 2899 1061 2966 ducibus
1085 2901 1243 2988 lugitivo-

192 3021 266 3062 rum
285 3019 360 3062 esse
380 2999 541 3069 missum3
571 2997 733 3090 cujus-rei
759 3020 870 3090 neque
895 2999 1012 3090 index,
1035 3021 1145 3092 neque
1170 3023 1241 3072 ves-

192 3099 312 3184 tigium
346 3097 496 3183 aliquod,
527 3117 639 3183 neque
672 3097 814 3181 suspitio
847 3097 1005 3184 cuiquam
1039 3113 1128 3164 esset
1159 3101 1239 3164 ulla.
1325 3103 1326 3110 ’

145 3224 177 3274 30
193 3197 327 3262 Deinde
371 3197 468 3284 jubet
517 3197 669 3282 undique
720 3195 896 3261 bominem
923 3179 1240 3270 “uehementissime
1325 3187 1326 3190 ¹

192 3297 376 3362 verberari.

236 3413 262 3458 s.
286 3395 504 3462 Caedebatur
529 3395 635 3484 virgis
659 3396 693 3460 in
718 3397 832 3462 medio
857 3395 929 3463 foro
951 3397 1137 3464 Messanae
1160 3399 1239 3466 civis

192 3498 385 3568 Romanus,
400 3496 555 3586 judices3
582 3517 659 3559 cum
678 3496 807 3562 interea
827 3498 941 3562 nullus
967 3499 1127 3585 gemitus,
1150 3502 1238 3564 nulla
1325 3513 1326 3594 ]

192 3621 259 3661 vox
280 3598 347 3659 alia
370 3597 461 3659 illius
486 3596 600 3659 miseri
625 3597 719 3662 inter,
736 3597 887 3660 dolorem
914 3598 1146 3685 crepitumque
1172 3600 1239 3683 pla-

147 3722 178 3772 35
192 3717 314 3783 garum
347 3695 561 3766 audiebatur,
592 3693 656 3756 nisi
687 3695 786 3768 haec,
819 3693 913 3758 Crbz's
942 3695 1120 3759 Ronranus
1146 3697 1239 3761 sum!
1325 3765 1326 3768 ,

195 3795 271 3856 Hac
300 3814 337 3856 se
362 3791 685 3856 commemoratione
709 3791 854 3855 civitatis
879 3794 993 3856 omnia
1017 3797 1160 3862 verbera
1185 3799 1238 3862 de-
1325 3805 1326 3852 l
