2668 4262
81 203 134 242 ΧΠ·
149 190 208 262 ²9·l
309 191 454 280 Appeal
474 195 522 278 os
536 193 592 258 the
621 193 924 260 Commonwealtk.
1096 209 1138 282 95

80 413 193 479 prope
212 394 339 482 justam
360 394 491 478 patriae
511 395 760 482 querimoniam
784 397 931 462 detester
955 417 995 462 ac
1019 397 1141 482 depre-

9 579 20 596 ·
79 513 153 567 cer,
182 495 360 579 percipite,
386 516 529 581 quaeso,
555 497 738 583 diligenter
766 518 853 583 quae
882 497 1009 571 dicam,
1035 509 1068 562 et
1099 519 1139 561 ea

79 594 221 676 penitus
238 595 362 658 animis
379 597 499 658 vestris
517 597 756 683 mentibusque
781 598 953 662 mandate.
1003 597 1138 662 Etenim

60 694 113 764 ,si
126 715 266 758 mecum
284 695 406 778 patria,
425 696 614 781 quaemihi
633 697 701 760 vita
719 718 796 762 mea
818 698 922 762 multo
942 709 992 762 est
1015 698 1137 772 carior,

78 794 107 857 si
133 807 259 858 cuncta
280 795 393 868 Italia,
415 796 442 860 si
465 797 576 862 omnis
599 818 652 862 res
676 798 825 880 publica,
851 799 1044 884 loquatur-:l
1062 809 1070 836 ‘
1085 796 1137 861 M.
1179 826 1194 881 ς

77 894 193 968 Tulli,
211 895 294 981 quid
311 893 410 983 agis?
455 896 557 960 Tune
575 917 667 970 eum,
685 919 788 982 quem
807 919 881 962 esse
901 900 1031 962 hostem
1048 919 1140 962 com-

78 997 214 1080 peristi,
229 1019 331 1082 quem
349 998 473 1062 ducem
490 998 570 1062 belli
588 998 738 1078 futurum
753 999 861 1071 vides,
877 1021 979 1085 quem
996 1021 1141 1084 exspec-

15 1139 18 1146 =
76 1097 143 1160 tari
172 1089 414 1183 imperatorem
437 1099 472 1162 in
498 1099 618 1164 castris
642 1099 791 1164 hostium
824 1101 940 1172 sentis,
965 1113 1139 1165 auctorem

78 1198 238 1272 sceleris,
253 1199 442 1284 principem
461 1198 717 1286 conjurationis,
732 1210 947 1264 evocatorem
964 1221 1139 1264 servorum

78 1310 113 1362 et
141 1299 271 1364 civium
304 1299 526 1384 perditorum,
552 1300 646 1364 exire
679 1300 820 1383 patiere,
848 1313 883 1362 ut
914 1300 975 1364 abs
1007 1311 1039 1364 te
1072 1321 1139 1364 non
1161 1325 1193 1364 ro

78 1398 231 1464 emissus
248 1420 292 1464 ex
310 1400 406 1473 urbe,
425 1400 486 1464 sed
502 1399 676 1466 immissus
692 1399 727 1463 in
741 1401 859 1464 urbem
873 1421 948 1464 esse
963 1399 1140 1464 videatur?

79 1499 165 1565 Non
192 1501 284 1564 hunc
308 1499 343 1564 in
368 1500 506 1564 vincula
530 1499 622 1573 duci,
644 1521 713 1564 non
738 1500 782 1564 ad
803 1512 944 1563 mortem
966 1500 1052 1584 rapi,
1072 1521 1140 1564 non

79 1621 221 1666 summo
245 1600 412 1685 supplicio
441 1602 582 1664 mactari
613 1598 848 1684 imperabis?l
870 1616 916 1664 as.
941 1598 1035 1684 Quid
1068 1611 1140 1662 tan-

79 1697 160 1765 dem
181 1711 213 1765 te
230 1699 395 1785 impedit?
427 1699 551 1764 Mosne
569 1698 759 1786 majorum?
791 1699 838 1764 At
854 1721 1020 1786 persaepe
1038 1701 1139 1764 etiam

80 1801 208 1885 privati
232 1801 267 1864 in
292 1801 358 1864 hac
382 1821 418 1865 re
443 1800 580 1884 publica
603 1800 813 1884 perniciosos
830 1802 913 1864 civis
931 1813 1037 1865 morte
1055 1801 1141 1863 mul·
1160 1827 1191 1879 15

18 1903 26 1916 '
78 1913 254 1966 taverunt.
302 1900 359 1964 An
377 1901 486 1986 leges
501 1921 590 1985 quae
607 1901 650 1964 de
667 1899 791 1962 civium
807 1900 1043 1964 Rornanorum
1061 1921 1141 1983 sup-

79 2001 189 2085 plicio
205 2013 348 2088 rogatae
365 1999 464 2064 sunt?
511 1999 560 2064 At
576 2021 764 2085 numquam
781 2001 814 2063 in
842 2001 907 2064 liae
930 2001 1014 2064 urbe
1038 2001 1095 2085 qui
1121 2021 1139 2064 a

81 2121 117 2165 re
143 2101 284 2185 publica
310 2099 507 2164 defecerunt
532 2100 658 2164 civium
679 2100 757 2184 jura
774 2112 967 2164 tenuerunt.
1015 2099 1073 2164 An
1091 2099 1141 2162 in-

80 2201 213 2265 vidiam
242 2200 445 2285 posteritatis
474 2198 594 2264 times?
656 2198 874 2263 Praeclaram
902 2222 982 2264 vero
1015 2203 1141 2284 populo

81 2300 248 2366 Romano
272 2299 378 2364 refers
400 2300 560 2386 gratiam,
578 2298 636 2385 qui
656 2312 689 2362 te
707 2300 880 2364 hominem
898 2322 959 2384 per
975 2312 1006 2364 te
1023 2300 1141 2386 cogni·
1158 2327 1190 2360 ιο

33 2447 39 2456 .
78 2412 172 2474 tum,
197 2401 292 2464 nulla
320 2399 616 2464 commendatione
641 2399 821 2484 majorum,
848 2413 917 2462 tam
944 2411 1072 2462 mature
1098 2400 1141 2462 ad

83 2522 259 2566 summum
277 2499 457 2583 imperium
474 2521 535 2584 per
550 2499 662 2562 omnis
680 2500 848 2562 bonorum
865 2500 994 2586 gradus
1008 2500 1139 2571 extulit,

30 2617 33 2622 '
83 2600 112 2664 si
130 2611 271 2685 propter
287 2599 436 2663 invidiae
454 2610 512 2662 aut
528 2599 673 2684 alicujus
690 2598 833 2682 periculi
852 2611 977 2662 metum
996 2599 1139 2662 salutem

84 2701 213 2764 civium
230 2711 364 2763 tuorum
383 2698 554 2784 neglegis.
602 2715 650 2762 aa.
674 2697 746 2764 Sed
765 2698 793 2761 si
818 2699 894 2785 quis
918 2711 969 2764 est
992 2699 1140 2762 invidiae

29 2839 33 2844 -
85 2815 211 2873 metus,
228 2821 311 2864 num
335 2809 386 2864 est
409 2799 646 2862 vehementius
671 2798 858 2862 severitatis
879 2819 920 2864 ac
936 2799 1140 2862 fortitudinis
1157 2826 1188 2877 ²5

85 2901 215 2965 invidia
233 2921 335 2985 quam
352 2899 494 2963 inertiae
511 2919 553 2961 ac
567 2898 736 2984 nequitiae
751 2897 1044 2982 pertimescenda?
1083 2897 1140 2964 An

22 3065 26 3073 ,
86 3021 166 3066 cum
194 3001 286 3065 bello
315 2999 500 3064 vastabitur
530 2997 640 3071 Italia,
668 2999 883 3062 vexabuntur
912 2999 1025 3070 urbes,
1053 3009 1140 3062 tecta

86 3101 268 3174 ardebunt,
287 3111 357 3164 tum
374 3110 406 3163 te
424 3121 492 3163 non
509 3098 686 3164 existimas
703 3097 852 3163 invidiae
876 3097 1036 3164 incendio
1061 3120 1142 3164 con-

86 3198 351 3290 flagraturam?’

132 3322 196 3366 xri.
226 3300 291 3364 His
320 3321 386 3387 ego
414 3297 637 3364 sanctissimis
665 3297 713 3360 rei
743 3297 900 3382 publicae
930 3297 1082 3371 vocibus,
1109 3309 1140 3362 et
1156 3325 1188 3375 ³0

89 3423 204 3467 eorum
223 3401 398 3466 hominum
416 3401 474 3486 qui
487 3400 552 3464 hoc
566 3398 656 3463 idem
671 3398 819 3462 sentiunt
834 3398 1014 3471 mentibus
1030 3418 1141 3483 pauca

89 3503 314 3588 respondebo.
363 3500 453 3588 Egn,
478 3501 504 3564 si
535 3501 599 3564 hoc
626 3497 792 3582 optimum
819 3498 908 3562 factu
934 3498 1139 3585 judicarem,

90 3616 201 3684 patres
218 3601 412 3686 conscripti,
431 3600 617 3666 Catilinam
636 3611 741 3664 morte
767 3599 915 3672 multari,
938 3600 1038 3664 nnius
1062 3621 1142 3663 usu-

91 3721 161 3766 ram
182 3704 286 3768 borae
306 3702 485 3790 gladiatori
506 3701 558 3765 isti
584 3701 626 3766 ad
652 3700 835 3764 vivendum
862 3722 929 3764 non
954 3701 1137 3764 dedissem.

92 3798 223 3866 Etenim
238 3804 264 3868 si
279 3802 401 3867 summi
417 3813 449 3866 et
462 3801 640 3866 clarissimi
653 3801 716 3864 viri
730 3798 904 3864 Saturnini
919 3814 951 3864 et
965 3799 1141 3864 Graccho·
1156 3824 1188 3876 35

93 3921 163 3968 rum
177 3914 210 3970 et
225 3903 342 3968 Flacci
358 3914 392 3967 et
408 3902 621 3987 superiorum
639 3901 867 3986 complurium
885 3900 1054 3988 sanguine
1072 3921 1140 3964 non
