2714 4266
204 192 249 278 56
482 191 742 280 Impeaehment
764 193 812 278 of
838 189 974 256 Verres.
1076 187 1191 259 [ΨΜ.
1211 191 1262 242 Vl.
1341 285 1342 307 Χ

204 393 317 460 Gavio
339 405 412 458 tum
435 392 540 458 tueris
559 392 715 468 infestum
734 413 861 457 aenon
878 392 1022 468 nomini,
1041 392 1175 480 generi,
1192 392 1264 482 juri

204 495 331 558 civium
355 494 473 559 hostis.
523 491 604 557 Non
624 493 673 557 illi
694 492 870 579 (inquam)
892 492 1035 567 homini,
1054 493 1115 558 sed
1131 513 1264 558 causae
1341 489 1342 570 ᾗ

205 594 379 660 communi
396 593 573 668 libertatis,
587 593 747 657 inimicus
762 592 866 656 suisti.
917 590 1014 676 Qid
1030 593 1122 656 enim
1137 593 1264 656 attinu-

205 695 241 768 it,
268 716 346 759 cum
370 693 582 767 Mamertini,
606 713 701 756 more
725 703 827 778 atque
850 691 1001 756 instituto
1026 714 1100 766 suo,
1120 713 1264 756 crucem
1341 735 1342 776 ς

178 794 360 877 5lixissent
375 804 451 879 post
469 793 602 867 urbem,
620 791 656 855 in
680 791 736 856 via
760 791 940 876 Pompeia,
959 803 991 856 te
1012 791 1133 880 jubere
1158 792 1194 855 in
1220 813 1261 856 ea

205 906 301 980 parte
318 894 438 981 figere,
456 913 545 979 quae
562 892 606 956 ad
623 892 746 956 fretum
764 903 954 977 spectaret3
983 904 1016 958 et
1041 891 1105 956 hoc
1129 893 1264 956 addere

205 1031 249 1043 —-
259 993 350 1080 quod
362 1015 492 1080 negare
504 992 598 1056 nullo
612 993 712 1056 modo
724 1005 832 1076 potes
844 993 937 1078 quod
946 992 1105 1057 omnibus
1117 994 1265 1057 audien-

205 1095 294 1158 tibus
307 1092 420 1158 dixisti
433 1091 549 1178 palam
559 1103 647 1156 -te
659 1091 787 1156 idcirco
801 1092 896 1155 illum
913 1094 1028 1156 locum
1045 1093 1214 1180 deligere,
1226 1104 1265 1158 ut

206 1193 276 1268 ille,
291 1192 454 1280 quoniam
466 1214 503 1258 se
517 1191 628 1256 civem
641 1190 841 1256 Romanum
855 1213 931 1256 esse
944 1193 1084 1269 diceret,
1099 1215 1145 1258 ex
1158 1215 1264 1258 cruce

162 1293 340 1360 roltaliam
365 1313 506 1356 cernere
534 1313 576 1357 ac
603 1292 743 1356 domum
772 1313 870 1357 suam
899 1293 1095 1378 prospicere
1123 1293 1264 1377 posset?

207 1393 326 1481 Itaque
338 1392 397 1457 illa
411 1412 495 1457 crux
508 1393 594 1468 sola,
605 1391 753 1480 judices,
768 1403 845 1477 post
856 1392 1029 1456 conditam
1042 1393 1262 1469 Messanam,

206 1493 265 1559 illo
281 1493 316 1557 in
332 1494 408 1558 loco
424 1493 494 1556 fixa
511 1504 574 1556 est.
615 1491 734 1555 Italiae
751 1502 954 1576 conspectus
971 1492 1015 1556 ad
1032 1515 1109 1557 eam
1126 1515 1201 1558 rem
1217 1495 1264 1559 ab

207 1593 270 1659 isto
287 1593 439 1658 delectus
455 1602 518 1666 est,
533 1603 570 1656 ut
585 1591 657 1666 ille,
671 1591 706 1654 in
723 1590 841 1657 dolore
858 1591 1078 1680 cruciatuque
1095 1594 1262 1670 morienS,

206 1704 416 1780 perangusto
440 1691 527 1757 sretu
551 1691 661 1756 divisa
686 1691 854 1756 servitutis
875 1712 916 1758 ac
933 1691 1096 1758 libertatis
1109 1693 1189 1781 jura
1207 1716 1265 1760 co-

162 1803 408 1881 15gnosceret3
438 1790 537 1854 Italia
558 1802 671 1855 autem
697 1791 874 1855 alumnum
894 1813 994 1856 suum
1015 1793 1186 1860 servitutis
1204 1815 1267 1859 ex·-

207 1905 315 1958 tremo
339 1911 542 1977 summoque
566 1890 735 1976 supplicio
759 1890 911 1955 adfixum
936 1892 1078 1957 videret.

251 2009 293 2056 14.
316 1991 467 2056 Facinus
500 2001 550 2055 est
580 1989 709 2054 vincire
742 1990 853 2056 civem
885 1991 1107 2067 Romanum3
1147 1995 1264 2060 scelus

207 2093 410 2166 verberare3
440 2111 546 2176 prope
563 2090 784 2177 parricidium
803 2112 948 2156 necare:
981 2093 1063 2178 quid
1088 2093 1202 2158 dicam
1227 2095 1266 2158 in

207 2214 345 2259 crucem
370 2189 511 2255 tollere?
542 2191 647 2256 verbo
672 2189 753 2254 satis
770 2191 877 2277 digno
893 2204 963 2256 tam
981 2192 1111 2257 nefaria
1129 2215 1184 2258 res
1203 2214 1265 2280 ap-

160 2327 192 2364 20
208 2291 329 2380 pellari
346 2291 441 2356 nullo
459 2290 560 2354 modo
577 2300 698 2375 potest.
748 2287 828 2353 Non
854 2291 915 2355 fuit
939 2292 992 2356 his
1016 2293 1175 2360 omnibus
1200 2295 1264 2360 iste

208 2405 397 2461 contentus.
448 2388 587 2478 Spectet
603 2389 746 2475 (inquit)
757 2393 917 2478 petralem
927 2413 939 2454 .·
965 2394 1000 2455 in
1018 2400 1200 2480 conspectu
1216 2395 1265 2458 le-

203 2515 290 2582 gum
303 2492 542 2576 libertatisque
554 2491 740 2554 morietur.
779 2488 859 2554 Non
873 2503 908 2554 tu
926 2493 991 2556 hoc
1007 2494 1083 2558 loco
1097 2493 1263 2570 Gavium,

208 2616 276 2659 non
293 2614 401 2657 unum
417 2591 591 2656 hominem
609 2589 856 2676 nescioquem,
880 2589 1008 2678 [civem
1025 2593 1260 2682 Romanum,]
1341 2657 1342 2676 1

208 2695 269 2760 sed
293 2712 511 2758 communem
537 2690 700 2755 libertatis
724 2700 758 2753 et
781 2691 926 2756 civitatis
948 2713 1088 2758 causam
1109 2695 1143 2759 in
1164 2696 1264 2762 illum
1341 2689 1342 2702 ¹

158 2827 189 2882 25
208 2795 395 2859 cruciatum
413 2803 446 2857 et
462 2812 599 2854 crucem
617 2789 728 2878 egisti.
776 2790 856 2877 Jam
873 2813 954 2856 vero
975 2794 1087 2858 videte
1113 2797 1264 2862 hominis

209 2893 401 2960 audaciam.
463 2890 589 2956 Nonne
614 2913 692 2954 eum
718 2890 869 2978 graviter
892 2892 1010 2956 tulisse
1034 2895 1262 2974 arbitramini,

208 2995 299 3084 quod
317 2994 411 3058 illam
428 2991 559 3057 civibus
577 2989 746 3055 Romanis
763 3010 899 3056 crucem
915 3013 982 3055 non
995 3005 1110 3077 posset
1125 2994 1160 3058 in
1174 2995 1263 3074 sor0,

208 3094 333 3160 nonin
356 3091 505 3166 comitio,
528 3111 597 3154 non
621 3089 656 3153 in
681 3090 796 3154 rostris
820 3089 994 3178 defigere?
1041 3090 1145 3176 Quod
1170 3097 1265 3162 enim

208 3195 262 3260 his
278 3193 374 3268 locis,
394 3193 428 3256 in
451 3190 627 3277 provincia
651 3210 727 3264 sua,
746 3190 942 3256 celebritate
965 3191 1192 3269 simillimum,
1211 3218 1265 3261 re·
1341 3241 1342 3284 ᾗ

159 3333 191 3384 30
209 3295 311 3383 gione
328 3292 522 3379 proximum
539 3289 657 3374 potuit,
676 3290 792 3376 elegit.
842 3287 1105 3355 Monumentum
1122 3294 1265 3362 sceleris

209 3394 443 3478 audaciaeque
460 3410 544 3456 suae
560 3389 666 3455 voluit
682 3409 758 3454 esse
775 3388 810 3453 in
828 3401 1012 3474 conspectu
1033 3389 1168 3469 Italiae,
1187 3416 1266 3460 ves·

208 3495 315 3562 tibulo
331 3492 485 3565 Siciliae,
503 3489 794 3576 praetervectione
810 3488 963 3554 omnium
980 3489 1038 3578 qui
1054 3475 1264 3562 ultro⁵citro-

209 3618 275 3683 que
291 3593 508 3680 navigarent.
