2716 4266
186 149 251 218 244
410 130 445 196 T
438 129 480 195 lie
504 131 676 219 Struggla
696 131 843 218 against.
862 129 1017 218 Antony.
1037 129 1142 198 [Pfflh
1163 130 1247 186 xlv.

185 331 479 418 Supplicationem
514 333 615 397 modo
646 331 705 418 qui
731 331 893 404 decrevit,
922 331 1012 396 idem
1039 331 1246 416 imprudens

185 434 290 500 hostis
310 432 497 521 judicavit:
524 453 711 518 numquam
729 431 820 496 enim
840 431 981 496 incivili
999 431 1091 496 bello
1113 433 1246 516 suppli·

185 535 273 608 catio
289 534 425 600 decreta
445 543 506 596 est.
558 531 742 604 Decretam
760 530 859 596 dico?
887 553 931 596 ne
947 532 1245 617 victorisquidem
1329 519 1330 596 l

185 635 301 700 litteris
327 633 495 721 postulata
522 644 586 696 est.
635 649 682 698 aa.
707 631 819 698 Civile
842 631 971 696 bellum
996 633 1120 696 consul
1145 631 1245 696 Sulla

133 747 148 802 5
185 737 311 823 gessit:
337 734 531 822 legionibus
550 732 592 808 ,iu
614 735 734 800 urbem
752 732 922 805 adductis,
939 753 1025 819 quos
1049 731 1160 799 voluit
1186 754 1246 796 ex·
1329 761 1330 764 ¹

188 836 289 921 pulit;
315 858 404 922 quos.
416 833 685 920 potuitoccidit:
713 832 972 918 supplicationis
989 832 1119 898 mentio
1133 833 1243 896 nulla.

185 936 300 1001 Grave
324 937 452 1002 bellum
472 934 701 1004 Octavianum
724 934 915 1000 insecutum
935 945 1006 999 est:
1033 933 1247 1019 supplicatio
1329 943 1330 998 Ἰ

189 1033 358 1122 [Cinnae]
387 1035 482 1099 nulla
498 1033 637 1101 uictori.
688 1032 823 1101 Cinnae
848 1033 1023 1102 uictoriam
1055 1032 1246 1118 imperator
1329 1025 1330 1036 ’

184 1136 274 1200 ultus
287 1148 337 1202 est
351 1135 451 1200 Sulla
463 1158 484 1198 t¹
498 1136 593 1200 nulla
609 1135 814 1220 supplicatio
828 1135 967 1200 decreta
983 1155 1003 1200 a
1017 1147 1155 1200 senatu.
1188 1133 1247 1199 Ad

135 1256 168 1296 ιο
185 1246 217 1300 te
241 1235 365 1320 ipsum,
385 1235 425 1300 P.
444 1235 583 1309 Servili,
604 1258 687 1300 num
713 1236 803 1302 misit
827 1236 915 1302 ullas
939 1237 1087 1324 conlega
1113 1236 1247 1302 litteras

185 1335 228 1402 de
244 1335 302 1400 illa
320 1336 617 1418 calamitosissima
635 1358 756 1425 pugna
779 1335 982 1402 Pharsalia?
1028 1335 1125 1402 Num
1143 1350 1177 1402 te
1201 1337 1246 1402 de
1329 1379 1330 1416 ,

185 1437 432 1521 supplicatione
449 1436 556 1502 voluit
568 1426 718 1502 referre?
750 1436 908 1504 Profecto
924 1437 1043 1504 noluit.
1085 1435 1136 1502 At
1153 1437 1247 1502 misit

185 1548 302 1620 postea
326 1537 368 1607 de
386 1535 614 1612 Alexandria,
630 1538 673 1606 de
691 1537 899 1602 Pharnace..
935 1537 1138 1609 Pharsaliae
1161 1560 1246 1603 vero
1329 1573 1330 1616 i

185 1657 324 1722 pugnae
349 1659 392 1702 ne
415 1637 626 1722 triumphum
646 1637 787 1724 quidem
811 1637 894 1725 egit.
944 1637 1014 1704 Eos
1038 1637 1132 1704 euim
1158 1639 1246 1703 civis
1329 1631 1330 1672 l

135 1751 165 1803 15
186 1757 303 1822 pugna
321 1737 378 1801 illa
391 1739 585 1812 sustulerat,
601 1738 725 1825 quibus
742 1760 810 1805 uon
828 1739 931 1805 modo
942 1739 1042 1813 vivis,
1057 1739 1120 1803 sed
1139 1740 1246 1826 etiam

185 1836 381 1912 victoribus,
411 1837 593 1904 incolumis
626 1850 659 1904 et
690 1838 816 1903 florens
852 1839 971 1904 civitas
1003 1859 1078 1904 esse
1111 1852 1243 1924 posset.

184 1953 231 2002 at·
256 1935 360 2020 Quod
385 1936 476 2005 idem
494 1939 685 2026 contigerat
702 1939 935 2023 superioribus
950 1939 1050 2006 bellis
1066 1939 1242 2006 civilibus.

185 2037 278 2107 Nam
298 2037 379 2110 mihi
397 2038 529 2104 consuli
544 2039 748 2124 supplicatio
762 2039 863 2104 nullis
876 2039 981 2106 armis
997 2039 1157 2125 sumptis,
1173 2035 1246 2106 n'on
1329 2027 1330 2034 ἵ

185 2139 229 2204 ob
253 2137 396 2202 caedem
420 2138 582 2212 hostium,
611 2139 672 2206 sed
698 2139 743 2204 ob
768 2140 1064 2208 conservationem
1097 2140 1244 2214 civium,
1329 2165 1330 2180 ³

134 2242 168 2281 ²⁰
185 2260 275 2304 novo
298 2249 331 2304 et
354 2237 508 2306 inaudito
531 2259 660 2326 genere
686 2239 824 2304 decreta
839 2251 902 2308 est.
952 2237 1070 2325 Quam
1096 2229 1246 2306 obrem

185 2350 244 2404 aut
266 2337 469 2423 supplicatio
486 2360 523 2404 re
540 2339 679 2424 publica
696 2339 926 2424 pulcherrime
943 2352 1042 2426 gesta
1065 2341 1246 2425 postulan-

184 2439 275 2504 tibus
287 2439 413 2529 ⁴nostris
426 2437 687 2522 imperatoribus
703 2439 909 2526 deneganda
925 2451 988 2514 est,
999 2440 1093 2525 quod
1105 2452 1246 2525 praeter

185 2539 231 2604 A.
251 2537 438 2603 Gabinium
463 2539 605 2625 contigit
630 2539 779 2612 nemini;
816 2551 886 2613 aut,
907 2539 1158 2632 supplicatione
1184 2541 1246 2606 de-

185 2639 371 2712 cernenda,
406 2637 511 2708 hostis
542 2660 607 2704 eos
636 2639 679 2710 de
712 2639 835 2726 quibus
868 2639 1051 2704 decernitis
1074 2639 1244 2727 ,judicetis

134 2741 167 2796 ²5
187 2759 327 2805 necesse
352 2749 415 2806 est.
512 2797 514 2808 ,
1009 2791 1012 2800 ,
1122 2795 1125 2800 ,
1245 2789 1248 2794 .

230 2859 281 2902 rx.
330 2836 437 2922 Quod
469 2859 554 2925 ergo
582 2839 640 2904 ille
668 2859 717 2912 re,
735 2839 773 2904 id
799 2859 865 2926 ego
892 2839 996 2904 etiam
1022 2839 1142 2913 verbo,
1161 2861 1244 2904 cum

186 2937 408 3022 imperatores
428 2959 487 3006 eos
508 2938 667 3023 appello:
698 2939 764 3004 hoc
786 2938 861 3023 ipso
885 2939 1024 3007 nomine
1045 2951 1078 3004 et
1099 2961 1159 3006 eos
1183 2941 1241 3027 qui

192 3038 264 3124 jam
289 3037 412 3101 devicti
438 3049 587 3112 suntet
613 3039 754 3124 eosqui
780 3050 973 3124 supersunt,
996 3039 1101 3104 hostis
1121 3039 1243 3128 judico

191 3137 286 3224 [cum
313 3137 466 3208 victores
487 3138 624 3223 appello
652 3139 908 3226 imperatores}
950 3137 1110 3223 aaQuo
1138 3141 1245 3206 modo

137 3238 278 3306 soenim
310 3237 421 3322 potius
454 3236 605 3305 Pansam
641 3238 835 3324 appellem?
868 3240 930 3305 etsi
962 3241 1066 3307 habet
1099 3240 1243 3310 honoris

187 3359 311 3404 nomen
340 3338 555 3422 amplissimi.
609 3337 690 3425 Qto
716 3338 887 3407 Hirtium?
909 3389 911 3395 ‚
930 3339 1081 3409 Estille.
1099 3341 1243 3427 quidem

187 3438 319 3511 consul,
334 3438 395 3502 sed
409 3438 554 3504 alterum
571 3453 697 3506 nomeu
713 3440 858 3510 benefici
876 3440 993 3526 populi
1006 3440 1158 3508 Romani
1175 3453 1241 3514 ost,

187 3537 330 3602 alterum
364 3539 494 3604 virtutis
530 3552 631 3626 atque
648 3540 836 3610 uictoriae.
887 3539 1005 3623 Quid?
1036 3539 1244 3632 Caesarem,

187 3638 329 3702 deorum
354 3639 524 3704 beneficio
547 3641 595 3706 rei
620 3640 778 3724 publicae
796 3641 1244 3724 procreatumdubitemne·

137 3750 171 3806 35
188 3737 363 3819 appellare
384 3737 647 3820 imperatorem?
678 3738 736 3824 qui
753 3740 882 3822 primus
898 3738 1029 3806 Antoni
1052 3739 1241 3807 immanem

188 3844 222 3900 et
240 3835 383 3902 ,foedam
411 3835 645 3902 crudelitatem
674 3859 742 3903 nou
764 3838 874 3904 solum
901 3839 1073 3926 ajugulis
1101 3842 1240 3915 nostris,
