<?xml version="1.0" encoding="UTF-8"?>
<!DOCTYPE html PUBLIC "-//W3C//DTD XHTML 1.0 Transitional//EN"
    "http://www.w3.org/TR/xhtml1/DTD/xhtml1-transitional.dtd">
<html xmlns="http://www.w3.org/1999/xhtml" xml:lang="en" lang="en">
 <head>
  <title>
</title>
<meta http-equiv="Content-Type" content="text/html;charset=utf-8" />
  <meta name='ocr-system' content='tesseract 3.04.00' />
  <meta name='ocr-capabilities' content='ocr_page ocr_carea ocr_par ocr_line ocrx_word'/>
</head>
<body>
  <div class='ocr_page' id='page_1' title='image "./selectorationsc00greegoog_0061.png"; bbox 0 0 2714 4266; ppageno 0'>
   <div class='ocr_carea' id='block_1_1' title="bbox 223 183 1283 276">
    <p class='ocr_par' dir='ltr' id='par_1_1' title="bbox 223 183 1283 276">
     <span class='ocr_line' id='line_1_1' title="bbox 223 183 1283 276; baseline -0.024 -16"><span class='ocrx_word' id='word_1_1' title='bbox 223 206 267 276; x_wconf 84' lang='lat'><strong>34</strong></span> <span class='ocrx_word' id='word_1_2' title='bbox 505 188 764 276; x_wconf 79' lang='lat' dir='ltr'><strong>Impcaclzment</strong></span> <span class='ocrx_word' id='word_1_3' title='bbox 786 188 835 275; x_wconf 87' lang='lat' dir='ltr'><strong>of</strong></span> <span class='ocrx_word' id='word_1_4' title='bbox 861 185 997 255; x_wconf 81' lang='lat' dir='ltr'><strong>Verres.</strong></span> <span class='ocrx_word' id='word_1_5' title='bbox 1126 183 1243 253; x_wconf 80' lang='lat' dir='ltr'><strong>[Vean.</strong></span> <span class='ocrx_word' id='word_1_6' title='bbox 1263 185 1283 236; x_wconf 92' lang='lat' dir='ltr'><strong>l.</strong></span> 
     </span>
    </p>
   </div>
   <div class='ocr_carea' id='block_1_2' title="bbox 50 387 1284 3987">
    <p class='ocr_par' dir='ltr' id='par_1_2' title="bbox 222 387 1284 774">
     <span class='ocr_line' id='line_1_2' title="bbox 268 387 1284 477; baseline -0.005 -21"><span class='ocrx_word' id='word_1_7' title='bbox 268 411 305 456; x_wconf 87' lang='lat' dir='ltr'><strong>x.</strong></span> <span class='ocrx_word' id='word_1_8' title='bbox 331 407 379 454; x_wconf 74' lang='lat' dir='ltr'><strong>as.</strong></span> <span class='ocrx_word' id='word_1_9' title='bbox 404 389 500 476; x_wconf 91' lang='lat' dir='ltr'><strong>Quid</strong></span> <span class='ocrx_word' id='word_1_10' title='bbox 524 401 587 465; x_wconf 89' lang='lat' dir='ltr'><strong>est,</strong></span> <span class='ocrx_word' id='word_1_11' title='bbox 605 410 747 476; x_wconf 84' lang='lat' dir='ltr'>quaeso,</span> <span class='ocrx_word' id='word_1_12' title='bbox 766 388 922 464; x_wconf 86' lang='lat' dir='ltr'><strong>Metelle,</strong></span> <span class='ocrx_word' id='word_1_13' title='bbox 937 387 1105 477; x_wconf 87' lang='lat' dir='ltr'><strong>judicium</strong></span> <span class='ocrx_word' id='word_1_14' title='bbox 1127 407 1284 453; x_wconf 89' lang='lat' dir='ltr'><strong>corrum-</strong></span> 
     </span>
     <span class='ocr_line' id='line_1_3' title="bbox 223 475 1283 577; baseline -0.006 -21"><span class='ocrx_word' id='word_1_15' title='bbox 223 513 317 577; x_wconf 82' lang='lat' dir='ltr'><strong>pere,</strong></span> <span class='ocrx_word' id='word_1_16' title='bbox 333 492 361 556; x_wconf 92' lang='lat' dir='ltr'><strong>si</strong></span> <span class='ocrx_word' id='word_1_17' title='bbox 381 493 447 554; x_wconf 90' lang='lat' dir='ltr'><strong>hoc</strong></span> <span class='ocrx_word' id='word_1_18' title='bbox 464 512 533 554; x_wconf 93' lang='lat' dir='ltr'><strong>non</strong></span> <span class='ocrx_word' id='word_1_19' title='bbox 550 489 622 554; x_wconf 88' lang='lat' dir='ltr'><strong>est?</strong></span> <span class='ocrx_word' id='word_1_20' title='bbox 646 489 753 565; x_wconf 87' lang='lat' dir='ltr'><strong>testis,</strong></span> <span class='ocrx_word' id='word_1_21' title='bbox 769 475 969 574; x_wconf 85' lang='lat' dir='ltr'><strong>praesertim</strong></span> <span class='ocrx_word' id='word_1_22' title='bbox 987 487 1176 576; x_wconf 83' lang='lat' dir='ltr'><strong>[Siculos],</strong></span> <span class='ocrx_word' id='word_1_23' title='bbox 1191 489 1283 552; x_wconf 90' lang='lat' dir='ltr'><strong>timi·</strong></span> 
     </span>
     <span class='ocr_line' id='line_1_4' title="bbox 222 589 1282 663; baseline -0.006 -6"><span class='ocrx_word' id='word_1_24' title='bbox 222 595 284 657; x_wconf 92' lang='lat' dir='ltr'><strong>dos</strong></span> <span class='ocrx_word' id='word_1_25' title='bbox 306 593 462 658; x_wconf 91' lang='lat' dir='ltr'><strong>homines</strong></span> <span class='ocrx_word' id='word_1_26' title='bbox 480 603 512 654; x_wconf 88' lang='lat' dir='ltr'><strong>et</strong></span> <span class='ocrx_word' id='word_1_27' title='bbox 530 589 697 663; x_wconf 90' lang='lat' dir='ltr'><strong>adflictos,</strong></span> <span class='ocrx_word' id='word_1_28' title='bbox 717 612 785 655; x_wconf 91' lang='lat' dir='ltr'><strong>non</strong></span> <span class='ocrx_word' id='word_1_29' title='bbox 808 590 919 654; x_wconf 89' lang='lat' dir='ltr'><strong>solum</strong></span> <span class='ocrx_word' id='word_1_30' title='bbox 944 589 1143 654; x_wconf 86' lang='lat' dir='ltr'><strong>auctoritate</strong></span> <span class='ocrx_word' id='word_1_31' title='bbox 1169 590 1282 652; x_wconf 84' lang='lat' dir='ltr'><strong>deter-</strong></span> 
     </span>
     <span class='ocr_line' id='line_1_5' title="bbox 222 689 1281 774; baseline -0.004 -18"><span class='ocrx_word' id='word_1_32' title='bbox 222 715 309 767; x_wconf 87' lang='lat' dir='ltr'><strong>rere,</strong></span> <span class='ocrx_word' id='word_1_33' title='bbox 329 693 389 757; x_wconf 93' lang='lat' dir='ltr'><strong>sed</strong></span> <span class='ocrx_word' id='word_1_34' title='bbox 413 692 513 756; x_wconf 88' lang='lat' dir='ltr'><strong>etiam</strong></span> <span class='ocrx_word' id='word_1_35' title='bbox 539 689 711 754; x_wconf 86' lang='lat' dir='ltr'><strong>consulari</strong></span> <span class='ocrx_word' id='word_1_36' title='bbox 734 702 838 765; x_wconf 90' lang='lat' dir='ltr'><strong>metu,</strong></span> <span class='ocrx_word' id='word_1_37' title='bbox 858 703 891 754; x_wconf 91' lang='lat' dir='ltr'><strong>et</strong></span> <span class='ocrx_word' id='word_1_38' title='bbox 914 690 1059 754; x_wconf 91' lang='lat' dir='ltr'><strong>duorum</strong></span> <span class='ocrx_word' id='word_1_39' title='bbox 1084 701 1281 774; x_wconf 90' lang='lat' dir='ltr'><strong>praetorum</strong></span> 
     </span>
    </p>

    <p class='ocr_par' dir='ltr' id='par_1_3' title="bbox 174 790 1282 1080">
     <span class='ocr_line' id='line_1_6' title="bbox 174 790 1282 878; baseline -0.004 -20"><span class='ocrx_word' id='word_1_40' title='bbox 174 815 203 866; x_wconf 79' lang='lat'><strong>·5</strong></span> <span class='ocrx_word' id='word_1_41' title='bbox 223 791 409 877; x_wconf 83' lang='lat' dir='ltr'><strong>potestate?</strong></span> <span class='ocrx_word' id='word_1_42' title='bbox 458 792 554 878; x_wconf 88' lang='lat' dir='ltr'><strong>Quid</strong></span> <span class='ocrx_word' id='word_1_43' title='bbox 572 790 703 855; x_wconf 85' lang='lat' dir='ltr'><strong>faceres</strong></span> <span class='ocrx_word' id='word_1_44' title='bbox 721 812 782 875; x_wconf 93' lang='lat' dir='ltr'><strong>pro</strong></span> <span class='ocrx_word' id='word_1_45' title='bbox 799 790 980 856; x_wconf 88' lang='lat' dir='ltr'><strong>innocente</strong></span> <span class='ocrx_word' id='word_1_46' title='bbox 998 791 1135 854; x_wconf 91' lang='lat' dir='ltr'><strong>homine</strong></span> <span class='ocrx_word' id='word_1_47' title='bbox 1153 801 1186 853; x_wconf 90' lang='lat' dir='ltr'><strong>et</strong></span> <span class='ocrx_word' id='word_1_48' title='bbox 1202 811 1282 875; x_wconf 90' lang='lat' dir='ltr'><strong>pro·</strong></span> 
     </span>
     <span class='ocr_line' id='line_1_7' title="bbox 223 891 1281 980; baseline -0.002 -24"><span class='ocrx_word' id='word_1_49' title='bbox 223 894 364 980; x_wconf 92' lang='lat' dir='ltr'><strong>pinquo‚</strong></span> <span class='ocrx_word' id='word_1_50' title='bbox 392 914 469 957; x_wconf 92' lang='lat' dir='ltr'><strong>cum</strong></span> <span class='ocrx_word' id='word_1_51' title='bbox 503 903 640 978; x_wconf 90' lang='lat' dir='ltr'><strong>propter</strong></span> <span class='ocrx_word' id='word_1_52' title='bbox 672 891 846 956; x_wconf 88' lang='lat' dir='ltr'><strong>hominem</strong></span> <span class='ocrx_word' id='word_1_53' title='bbox 879 891 1143 976; x_wconf 89' lang='lat' dir='ltr'><strong>perditissimum</strong></span> <span class='ocrx_word' id='word_1_54' title='bbox 1178 903 1281 977; x_wconf 90' lang='lat' dir='ltr'><strong>atque</strong></span> 
     </span>
     <span class='ocr_line' id='line_1_8' title="bbox 224 991 1282 1080; baseline 0 -24"><span class='ocrx_word' id='word_1_55' title='bbox 224 993 471 1059; x_wconf 90' lang='lat' dir='ltr'><strong>alienissimum</strong></span> <span class='ocrx_word' id='word_1_56' title='bbox 495 994 537 1058; x_wconf 92' lang='lat' dir='ltr'><strong>de</strong></span> <span class='ocrx_word' id='word_1_57' title='bbox 561 992 673 1057; x_wconf 87' lang='lat' dir='ltr'><strong>officio</strong></span> <span class='ocrx_word' id='word_1_58' title='bbox 696 1013 738 1056; x_wconf 90' lang='lat' dir='ltr'><strong>ac</strong></span> <span class='ocrx_word' id='word_1_59' title='bbox 762 992 928 1080; x_wconf 86' lang='lat' dir='ltr'><strong>dignitate</strong></span> <span class='ocrx_word' id='word_1_60' title='bbox 953 991 1104 1068; x_wconf 90' lang='lat' dir='ltr'><strong>decedis,</strong></span> <span class='ocrx_word' id='word_1_61' title='bbox 1129 1002 1162 1057; x_wconf 91' lang='lat' dir='ltr'><strong>et</strong></span> <span class='ocrx_word' id='word_1_62' title='bbox 1186 1013 1282 1058; x_wconf 89' lang='lat' dir='ltr'><strong>com-</strong></span> 
     </span>
    </p>

    <p class='ocr_par' dir='ltr' id='par_1_4' title="bbox 50 1093 1281 1784">
     <span class='ocr_line' id='line_1_9' title="bbox 107 1093 1278 1190; baseline 0.002 -34"><span class='ocrx_word' id='word_1_63' title='bbox 107 1175 131 1190; x_wconf 28' lang='lat'><em>*</em></span> <span class='ocrx_word' id='word_1_64' title='bbox 224 1094 339 1169; x_wconf 89' lang='lat' dir='ltr'><strong>mittis,</strong></span> <span class='ocrx_word' id='word_1_65' title='bbox 366 1105 413 1168; x_wconf 91' lang='lat' dir='ltr'><strong>ut,</strong></span> <span class='ocrx_word' id='word_1_66' title='bbox 441 1095 533 1180; x_wconf 90' lang='lat' dir='ltr'><strong>quod</strong></span> <span class='ocrx_word' id='word_1_67' title='bbox 565 1093 623 1158; x_wconf 92' lang='lat' dir='ltr'><strong>ille</strong></span> <span class='ocrx_word' id='word_1_68' title='bbox 656 1093 799 1169; x_wconf 86' lang='lat' dir='ltr'><strong>dictitat,</strong></span> <span class='ocrx_word' id='word_1_69' title='bbox 830 1093 946 1169; x_wconf 86' lang='lat' dir='ltr'><strong>alicui,</strong></span> <span class='ocrx_word' id='word_1_70' title='bbox 976 1093 1034 1182; x_wconf 93' lang='lat' dir='ltr'><strong>qui</strong></span> <span class='ocrx_word' id='word_1_71' title='bbox 1065 1105 1097 1159; x_wconf 90' lang='lat' dir='ltr'><strong>te</strong></span> <span class='ocrx_word' id='word_1_72' title='bbox 1128 1093 1278 1182; x_wconf 85' lang='lat' dir='ltr'><strong>ignoret,</strong></span> 
     </span>
     <span class='ocr_line' id='line_1_10' title="bbox 50 1147 1280 1261; baseline 0.002 -3"><span class='ocrx_word' id='word_1_73' title='bbox 50 1147 201 1236; x_wconf 32' lang='lat'><strong>*⁵⁶*-</strong></span> <span class='ocrx_word' id='word_1_74' title='bbox 222 1215 341 1258; x_wconf 90' lang='lat' dir='ltr'><strong>verum</strong></span> <span class='ocrx_word' id='word_1_75' title='bbox 370 1215 445 1258; x_wconf 89' lang='lat' dir='ltr'><strong>esse</strong></span> <span class='ocrx_word' id='word_1_76' title='bbox 474 1193 652 1259; x_wconf 87' lang='lat' dir='ltr'><strong>videatur?</strong></span> <span class='ocrx_word' id='word_1_77' title='bbox 709 1211 757 1258; x_wconf 78' lang='lat' dir='ltr'><strong>aa.</strong></span> <span class='ocrx_word' id='word_1_78' title='bbox 781 1193 873 1259; x_wconf 92' lang='lat' dir='ltr'><strong>Nam</strong></span> <span class='ocrx_word' id='word_1_79' title='bbox 904 1195 970 1260; x_wconf 89' lang='lat' dir='ltr'><strong>hoc</strong></span> <span class='ocrx_word' id='word_1_80' title='bbox 992 1194 1139 1261; x_wconf 90' lang='lat' dir='ltr'><strong>Verrem</strong></span> <span class='ocrx_word' id='word_1_81' title='bbox 1163 1195 1280 1260; x_wconf 90' lang='lat' dir='ltr'><strong>dicere</strong></span> 
     </span>
     <span class='ocr_line' id='line_1_11' title="bbox 175 1294 1279 1372; baseline 0.009 -20"><span class='ocrx_word' id='word_1_82' title='bbox 175 1318 203 1352; x_wconf 84' lang='grc' dir='ltr'><strong>ιο</strong></span> <span class='ocrx_word' id='word_1_83' title='bbox 223 1294 372 1368; x_wconf 90' lang='lat' dir='ltr'><strong>aiebant,</strong></span> <span class='ocrx_word' id='word_1_84' title='bbox 397 1305 428 1360; x_wconf 91' lang='lat' dir='ltr'><strong>te</strong></span> <span class='ocrx_word' id='word_1_85' title='bbox 455 1317 522 1360; x_wconf 91' lang='lat' dir='ltr'><strong>non</strong></span> <span class='ocrx_word' id='word_1_86' title='bbox 548 1295 629 1371; x_wconf 82' lang='lat' dir='ltr'><strong>fat0,</strong></span> <span class='ocrx_word' id='word_1_87' title='bbox 653 1306 689 1360; x_wconf 92' lang='lat' dir='ltr'><strong>ut</strong></span> <span class='ocrx_word' id='word_1_88' title='bbox 712 1308 843 1362; x_wconf 91' lang='lat' dir='ltr'><strong>ceteros</strong></span> <span class='ocrx_word' id='word_1_89' title='bbox 863 1317 908 1361; x_wconf 90' lang='lat' dir='ltr'><strong>ex</strong></span> <span class='ocrx_word' id='word_1_90' title='bbox 923 1308 1037 1362; x_wconf 89' lang='lat' dir='ltr'><strong>vestra</strong></span> <span class='ocrx_word' id='word_1_91' title='bbox 1054 1296 1196 1372; x_wconf 77' lang='lat' dir='ltr'><strong>familia,</strong></span> <span class='ocrx_word' id='word_1_92' title='bbox 1218 1297 1279 1362; x_wconf 92' lang='lat' dir='ltr'><strong>sed</strong></span> 
     </span>
     <span class='ocr_line' id='line_1_12' title="bbox 223 1396 1281 1486; baseline 0.001 -25"><span class='ocrx_word' id='word_1_93' title='bbox 223 1417 327 1481; x_wconf 90' lang='lat' dir='ltr'><strong>opera</strong></span> <span class='ocrx_word' id='word_1_94' title='bbox 350 1417 412 1460; x_wconf 90' lang='lat' dir='ltr'><strong>sua</strong></span> <span class='ocrx_word' id='word_1_95' title='bbox 438 1396 615 1460; x_wconf 87' lang='lat' dir='ltr'><strong>consulem</strong></span> <span class='ocrx_word' id='word_1_96' title='bbox 639 1396 781 1461; x_wconf 84' lang='lat' dir='ltr'><strong>factum.</strong></span> <span class='ocrx_word' id='word_1_97' title='bbox 831 1397 910 1463; x_wconf 92' lang='lat' dir='ltr'><strong>Duo</strong></span> <span class='ocrx_word' id='word_1_98' title='bbox 934 1397 1039 1486; x_wconf 86' lang='lat' dir='ltr'><strong>igitur</strong></span> <span class='ocrx_word' id='word_1_99' title='bbox 1062 1398 1222 1463; x_wconf 88' lang='lat' dir='ltr'><strong>consules</strong></span> <span class='ocrx_word' id='word_1_100' title='bbox 1249 1409 1281 1462; x_wconf 90' lang='lat' dir='ltr'><strong>et</strong></span> 
     </span>
     <span class='ocr_line' id='line_1_13' title="bbox 221 1496 1281 1583; baseline 0.002 -23"><span class='ocrx_word' id='word_1_101' title='bbox 221 1497 394 1583; x_wconf 86' lang='lat' dir='ltr'><strong>quaesitor</strong></span> <span class='ocrx_word' id='word_1_102' title='bbox 411 1507 511 1561; x_wconf 87' lang='lat' dir='ltr'><strong>erunt</strong></span> <span class='ocrx_word' id='word_1_103' title='bbox 527 1517 571 1560; x_wconf 88' lang='lat' dir='ltr'><strong>ex</strong></span> <span class='ocrx_word' id='word_1_104' title='bbox 588 1496 680 1562; x_wconf 94' lang='lat' dir='ltr'><strong>illius</strong></span> <span class='ocrx_word' id='word_1_105' title='bbox 697 1499 883 1562; x_wconf 89' lang='lat' dir='ltr'><strong>voluntate.</strong></span> <span class='ocrx_word' id='word_1_106' title='bbox 934 1497 1037 1563; x_wconf 86' lang='lat' dir='ltr'><strong>‘Non</strong></span> <span class='ocrx_word' id='word_1_107' title='bbox 1058 1499 1168 1563; x_wconf 92' lang='lat' dir='ltr'><strong>solum</strong></span> <span class='ocrx_word' id='word_1_108' title='bbox 1191 1497 1281 1562; x_wconf 85' lang='lat' dir='ltr'><strong>effu-</strong></span> 
     </span>
     <span class='ocr_line' id='line_1_14' title="bbox 221 1596 1280 1684; baseline 0 -24"><span class='ocrx_word' id='word_1_109' title='bbox 221 1597 375 1684; x_wconf 89' lang='lat' dir='ltr'><strong>giemus’</strong></span> <span class='ocrx_word' id='word_1_110' title='bbox 397 1596 506 1684; x_wconf 92' lang='lat' dir='ltr'><strong>inquit</strong></span> <span class='ocrx_word' id='word_1_111' title='bbox 530 1597 727 1662; x_wconf 88' lang='lat' dir='ltr'><strong>‘hominem</strong></span> <span class='ocrx_word' id='word_1_112' title='bbox 752 1597 787 1662; x_wconf 92' lang='lat' dir='ltr'><strong>in</strong></span> <span class='ocrx_word' id='word_1_113' title='bbox 812 1599 1009 1684; x_wconf 88' lang='lat' dir='ltr'><strong>quaerendo</strong></span> <span class='ocrx_word' id='word_1_114' title='bbox 1033 1597 1176 1662; x_wconf 91' lang='lat' dir='ltr'><strong>nimium</strong></span> <span class='ocrx_word' id='word_1_115' title='bbox 1201 1597 1280 1661; x_wconf 91' lang='lat' dir='ltr'><strong>dili·</strong></span> 
     </span>
     <span class='ocr_line' id='line_1_15' title="bbox 220 1697 1277 1784; baseline 0 -24"><span class='ocrx_word' id='word_1_116' title='bbox 220 1709 374 1784; x_wconf 85' lang='lat' dir='ltr'><strong>gentem,</strong></span> <span class='ocrx_word' id='word_1_117' title='bbox 399 1697 542 1761; x_wconf 90' lang='lat' dir='ltr'><strong>nimium</strong></span> <span class='ocrx_word' id='word_1_118' title='bbox 568 1698 772 1762; x_wconf 88' lang='lat' dir='ltr'><strong>servientem</strong></span> <span class='ocrx_word' id='word_1_119' title='bbox 798 1699 914 1784; x_wconf 87' lang='lat' dir='ltr'><strong>populi</strong></span> <span class='ocrx_word' id='word_1_120' title='bbox 939 1698 1191 1771; x_wconf 89' lang='lat' dir='ltr'><strong>existimationi,</strong></span> <span class='ocrx_word' id='word_1_121' title='bbox 1212 1697 1277 1760; x_wconf 88' lang='grc' dir='ltr'><strong>Μ’.</strong></span> 
     </span>
    </p>

    <p class='ocr_par' dir='ltr' id='par_1_5' title="bbox 173 1796 1280 2286">
     <span class='ocr_line' id='line_1_16' title="bbox 173 1796 1280 1884; baseline 0.001 -23"><span class='ocrx_word' id='word_1_122' title='bbox 173 1816 202 1868; x_wconf 78' lang='lat'><strong>¹5</strong></span> <span class='ocrx_word' id='word_1_123' title='bbox 221 1796 467 1862; x_wconf 85' lang='lat' dir='ltr'><strong>Glabrionem:</strong></span> <span class='ocrx_word' id='word_1_124' title='bbox 503 1798 646 1862; x_wconf 89' lang='lat' dir='ltr'><strong>accedet</strong></span> <span class='ocrx_word' id='word_1_125' title='bbox 673 1798 775 1862; x_wconf 89' lang='lat' dir='ltr'><strong>etiam</strong></span> <span class='ocrx_word' id='word_1_126' title='bbox 805 1799 904 1863; x_wconf 91' lang='lat' dir='ltr'><strong>nobis</strong></span> <span class='ocrx_word' id='word_1_127' title='bbox 931 1799 1028 1864; x_wconf 91' lang='lat' dir='ltr'><strong>illud.</strong></span> <span class='ocrx_word' id='word_1_128' title='bbox 1083 1799 1197 1884; x_wconf 87' lang='lat' dir='ltr'><strong>Judex</strong></span> <span class='ocrx_word' id='word_1_129' title='bbox 1228 1810 1280 1862; x_wconf 91' lang='lat' dir='ltr'><strong>est</strong></span> 
     </span>
     <span class='ocr_line' id='line_1_17' title="bbox 221 1896 1278 1985; baseline -0.001 -23"><span class='ocrx_word' id='word_1_130' title='bbox 221 1896 274 1962; x_wconf 92' lang='lat' dir='ltr'><strong>M.</strong></span> <span class='ocrx_word' id='word_1_131' title='bbox 306 1896 514 1972; x_wconf 87' lang='lat' dir='ltr'><strong>Caesonius,</strong></span> <span class='ocrx_word' id='word_1_132' title='bbox 545 1898 692 1985; x_wconf 86' lang='lat' dir='ltr'><strong>conlega</strong></span> <span class='ocrx_word' id='word_1_133' title='bbox 721 1898 824 1962; x_wconf 91' lang='lat' dir='ltr'><strong>nostri</strong></span> <span class='ocrx_word' id='word_1_134' title='bbox 855 1898 1074 1972; x_wconf 87' lang='lat' dir='ltr'><strong>accusatoris,</strong></span> <span class='ocrx_word' id='word_1_135' title='bbox 1106 1899 1208 1962; x_wconf 92' lang='lat' dir='ltr'><strong>homo</strong></span> <span class='ocrx_word' id='word_1_136' title='bbox 1242 1898 1278 1961; x_wconf 93' lang='lat' dir='ltr'><strong>in</strong></span> 
     </span>
     <span class='ocr_line' id='line_1_18' title="bbox 220 1997 1279 2086; baseline -0.002 -24"><span class='ocrx_word' id='word_1_137' title='bbox 220 1998 322 2062; x_wconf 90' lang='lat' dir='ltr'><strong>rebus</strong></span> <span class='ocrx_word' id='word_1_138' title='bbox 342 1997 540 2086; x_wconf 86' lang='lat' dir='ltr'><strong>judicandis</strong></span> <span class='ocrx_word' id='word_1_139' title='bbox 563 2009 733 2082; x_wconf 90' lang='lat' dir='ltr'><strong>spectatus</strong></span> <span class='ocrx_word' id='word_1_140' title='bbox 758 2010 791 2062; x_wconf 91' lang='lat' dir='ltr'><strong>et</strong></span> <span class='ocrx_word' id='word_1_141' title='bbox 814 1999 985 2084; x_wconf 80' lang='lat' dir='ltr'><strong>cognitus,</strong></span> <span class='ocrx_word' id='word_1_142' title='bbox 1008 2020 1110 2084; x_wconf 89' lang='lat' dir='ltr'><strong>quern</strong></span> <span class='ocrx_word' id='word_1_143' title='bbox 1135 1997 1279 2061; x_wconf 90' lang='lat' dir='ltr'><strong>minime</strong></span> 
     </span>
     <span class='ocr_line' id='line_1_19' title="bbox 221 2097 1278 2184; baseline -0.002 -21"><span class='ocrx_word' id='word_1_144' title='bbox 221 2099 383 2183; x_wconf 86' lang='lat' dir='ltr'><strong>expediat</strong></span> <span class='ocrx_word' id='word_1_145' title='bbox 416 2119 491 2164; x_wconf 88' lang='lat' dir='ltr'><strong>esse</strong></span> <span class='ocrx_word' id='word_1_146' title='bbox 523 2098 558 2162; x_wconf 90' lang='lat' dir='ltr'><strong>in</strong></span> <span class='ocrx_word' id='word_1_147' title='bbox 591 2119 632 2162; x_wconf 92' lang='lat' dir='ltr'><strong>eo</strong></span> <span class='ocrx_word' id='word_1_148' title='bbox 664 2099 807 2162; x_wconf 90' lang='lat' dir='ltr'><strong>consilio</strong></span> <span class='ocrx_word' id='word_1_149' title='bbox 839 2098 931 2184; x_wconf 92' lang='lat' dir='ltr'><strong>quod</strong></span> <span class='ocrx_word' id='word_1_150' title='bbox 964 2119 1128 2163; x_wconf 91' lang='lat' dir='ltr'><strong>conemur</strong></span> <span class='ocrx_word' id='word_1_151' title='bbox 1160 2097 1278 2182; x_wconf 89' lang='lat' dir='ltr'><strong>aliqua</strong></span> 
     </span>
     <span class='ocr_line' id='line_1_20' title="bbox 220 2197 1278 2286; baseline -0.002 -24"><span class='ocrx_word' id='word_1_152' title='bbox 220 2199 351 2263; x_wconf 90' lang='lat' dir='ltr'><strong>ratione</strong></span> <span class='ocrx_word' id='word_1_153' title='bbox 376 2219 616 2282; x_wconf 83' lang='lat' dir='ltr'><strong>corrumpere:</strong></span> <span class='ocrx_word' id='word_1_154' title='bbox 645 2209 825 2282; x_wconf 88' lang='lat' dir='ltr'><strong>propterea</strong></span> <span class='ocrx_word' id='word_1_155' title='bbox 848 2199 940 2283; x_wconf 92' lang='lat' dir='ltr'><strong>quod</strong></span> <span class='ocrx_word' id='word_1_156' title='bbox 961 2197 1032 2286; x_wconf 88' lang='lat' dir='ltr'><strong>jam</strong></span> <span class='ocrx_word' id='word_1_157' title='bbox 1058 2210 1171 2271; x_wconf 89' lang='lat' dir='ltr'><strong>antea,</strong></span> <span class='ocrx_word' id='word_1_158' title='bbox 1195 2218 1278 2260; x_wconf 90' lang='lat' dir='ltr'><strong>cum</strong></span> 
     </span>
    </p>

    <p class='ocr_par' dir='ltr' id='par_1_6' title="bbox 171 2297 1278 2387">
     <span class='ocr_line' id='line_1_21' title="bbox 171 2297 1278 2387; baseline -0.001 -23"><span class='ocrx_word' id='word_1_159' title='bbox 171 2317 202 2352; x_wconf 78' lang='lat'><strong>20</strong></span> <span class='ocrx_word' id='word_1_160' title='bbox 225 2300 335 2387; x_wconf 86' lang='lat' dir='ltr'><strong>judex</strong></span> <span class='ocrx_word' id='word_1_161' title='bbox 364 2299 398 2362; x_wconf 94' lang='lat' dir='ltr'><strong>in</strong></span> <span class='ocrx_word' id='word_1_162' title='bbox 423 2298 575 2383; x_wconf 87' lang='lat' dir='ltr'><strong>Juniano</strong></span> <span class='ocrx_word' id='word_1_163' title='bbox 604 2298 746 2362; x_wconf 91' lang='lat' dir='ltr'><strong>consilio</strong></span> <span class='ocrx_word' id='word_1_164' title='bbox 774 2298 906 2372; x_wconf 90' lang='lat' dir='ltr'><strong>fuisset,</strong></span> <span class='ocrx_word' id='word_1_165' title='bbox 931 2297 1164 2382; x_wconf 89' lang='lat' dir='ltr'><strong>turpissimum</strong></span> <span class='ocrx_word' id='word_1_166' title='bbox 1190 2297 1278 2363; x_wconf 90' lang='lat' dir='ltr'><strong>illud</strong></span> 
     </span>
    </p>

    <p class='ocr_par' dir='ltr' id='par_1_7' title="bbox 107 2397 1279 2586">
     <span class='ocr_line' id='line_1_22' title="bbox 107 2397 1278 2485; baseline -0.003 -21"><span class='ocrx_word' id='word_1_167' title='bbox 107 2471 119 2477; x_wconf 54' lang='grc'><strong><em>,</em></strong></span> <span class='ocrx_word' id='word_1_168' title='bbox 220 2399 354 2464; x_wconf 79' lang='lat' dir='ltr'><strong>facinus</strong></span> <span class='ocrx_word' id='word_1_169' title='bbox 373 2421 440 2462; x_wconf 90' lang='lat' dir='ltr'><strong>non</strong></span> <span class='ocrx_word' id='word_1_170' title='bbox 459 2399 570 2462; x_wconf 89' lang='lat' dir='ltr'><strong>solum</strong></span> <span class='ocrx_word' id='word_1_171' title='bbox 588 2402 738 2485; x_wconf 85' lang='lat' dir='ltr'><strong>graviter</strong></span> <span class='ocrx_word' id='word_1_172' title='bbox 754 2398 840 2472; x_wconf 90' lang='lat' dir='ltr'><strong>tulit,</strong></span> <span class='ocrx_word' id='word_1_173' title='bbox 860 2398 921 2462; x_wconf 90' lang='lat' dir='ltr'><strong>sed</strong></span> <span class='ocrx_word' id='word_1_174' title='bbox 941 2398 1042 2462; x_wconf 89' lang='lat' dir='ltr'><strong>etiam</strong></span> <span class='ocrx_word' id='word_1_175' title='bbox 1063 2397 1097 2462; x_wconf 91' lang='lat' dir='ltr'><strong>in</strong></span> <span class='ocrx_word' id='word_1_176' title='bbox 1124 2397 1278 2461; x_wconf 90' lang='lat' dir='ltr'><strong>medium</strong></span> 
     </span>
     <span class='ocr_line' id='line_1_23' title="bbox 220 2497 1279 2586; baseline -0.001 -23"><span class='ocrx_word' id='word_1_177' title='bbox 220 2499 369 2585; x_wconf 93' lang='lat' dir='ltr'><strong>protulit.</strong></span> <span class='ocrx_word' id='word_1_178' title='bbox 411 2498 515 2562; x_wconf 92' lang='lat' dir='ltr'><strong>Hunc</strong></span> <span class='ocrx_word' id='word_1_179' title='bbox 527 2498 681 2586; x_wconf 88' lang='lat' dir='ltr'><strong>judicem</strong></span> <span class='ocrx_word' id='word_1_180' title='bbox 699 2520 743 2561; x_wconf 87' lang='lat' dir='ltr'><strong>ex</strong></span> <span class='ocrx_word' id='word_1_181' title='bbox 760 2497 842 2561; x_wconf 92' lang='lat' dir='ltr'><strong>Kal.</strong></span> <span class='ocrx_word' id='word_1_182' title='bbox 857 2497 1031 2583; x_wconf 88' lang='lat' dir='ltr'><strong>Januariis</strong></span> <span class='ocrx_word' id='word_1_183' title='bbox 1048 2519 1117 2562; x_wconf 91' lang='lat' dir='ltr'><strong>non</strong></span> <span class='ocrx_word' id='word_1_184' title='bbox 1134 2497 1279 2562; x_wconf 87' lang='lat' dir='ltr'><strong>habebi-</strong></span> 
     </span>
    </p>

    <p class='ocr_par' dir='ltr' id='par_1_8' title="bbox 218 2596 1279 2788">
     <span class='ocr_line' id='line_1_24' title="bbox 220 2596 1279 2682; baseline -0.002 -18"><span class='ocrx_word' id='word_1_185' title='bbox 220 2623 307 2664; x_wconf 91' lang='lat' dir='ltr'><strong>mus.</strong></span> <span class='ocrx_word' id='word_1_186' title='bbox 358 2615 407 2662; x_wconf 77' lang='lat' dir='ltr'><strong>ao.</strong></span> <span class='ocrx_word' id='word_1_187' title='bbox 432 2597 485 2682; x_wconf 91' lang='lat' dir='ltr'>Q</span> <span class='ocrx_word' id='word_1_188' title='bbox 507 2598 693 2671; x_wconf 88' lang='lat' dir='ltr'><strong>Manlium,</strong></span> <span class='ocrx_word' id='word_1_189' title='bbox 720 2608 753 2662; x_wconf 89' lang='lat' dir='ltr'><strong>et</strong></span> <span class='ocrx_word' id='word_1_190' title='bbox 777 2596 830 2680; x_wconf 89' lang='lat' dir='ltr'><strong>Q.</strong></span> <span class='ocrx_word' id='word_1_191' title='bbox 850 2597 1087 2672; x_wconf 89' lang='lat' dir='ltr'><strong>Cornificium,</strong></span> <span class='ocrx_word' id='word_1_192' title='bbox 1111 2598 1197 2662; x_wconf 89' lang='lat' dir='ltr'><strong>duos</strong></span> <span class='ocrx_word' id='word_1_193' title='bbox 1223 2620 1279 2662; x_wconf 89' lang='lat' dir='ltr'><strong>se-</strong></span> 
     </span>
     <span class='ocr_line' id='line_1_25' title="bbox 218 2697 1276 2788; baseline -0.003 -24"><span class='ocrx_word' id='word_1_194' title='bbox 218 2700 415 2765; x_wconf 90' lang='lat' dir='ltr'><strong>verissimos</strong></span> <span class='ocrx_word' id='word_1_195' title='bbox 449 2711 550 2784; x_wconf 90' lang='lat' dir='ltr'><strong>atque</strong></span> <span class='ocrx_word' id='word_1_196' title='bbox 582 2697 822 2783; x_wconf 88' lang='lat' dir='ltr'><strong>integerrimos</strong></span> <span class='ocrx_word' id='word_1_197' title='bbox 850 2697 997 2788; x_wconf 88' lang='lat' dir='ltr'><strong>judices,</strong></span> <span class='ocrx_word' id='word_1_198' title='bbox 1025 2698 1117 2784; x_wconf 92' lang='lat' dir='ltr'><strong>quod</strong></span> <span class='ocrx_word' id='word_1_199' title='bbox 1147 2697 1276 2762; x_wconf 89' lang='lat' dir='ltr'><strong>tribuni</strong></span> 
     </span>
    </p>

    <p class='ocr_par' dir='ltr' id='par_1_9' title="bbox 171 2797 1278 3189">
     <span class='ocr_line' id='line_1_26' title="bbox 171 2797 1278 2885; baseline -0.005 -17"><span class='ocrx_word' id='word_1_200' title='bbox 171 2819 199 2869; x_wconf 81' lang='lat'><strong>²5</strong></span> <span class='ocrx_word' id='word_1_201' title='bbox 220 2801 329 2885; x_wconf 92' lang='lat' dir='ltr'><strong>plebis</strong></span> <span class='ocrx_word' id='word_1_202' title='bbox 354 2811 425 2863; x_wconf 87' lang='lat' dir='ltr'><strong>tum</strong></span> <span class='ocrx_word' id='word_1_203' title='bbox 450 2810 561 2872; x_wconf 92' lang='lat' dir='ltr'><strong>erunt,</strong></span> <span class='ocrx_word' id='word_1_204' title='bbox 580 2797 715 2885; x_wconf 90' lang='lat' dir='ltr'><strong>judices</strong></span> <span class='ocrx_word' id='word_1_205' title='bbox 740 2819 808 2862; x_wconf 92' lang='lat' dir='ltr'><strong>non</strong></span> <span class='ocrx_word' id='word_1_206' title='bbox 834 2799 1048 2863; x_wconf 86' lang='lat' dir='ltr'><strong>habebimus.</strong></span> <span class='ocrx_word' id='word_1_207' title='bbox 1097 2797 1138 2861; x_wconf 91' lang='lat' dir='ltr'><strong>P.</strong></span> <span class='ocrx_word' id='word_1_208' title='bbox 1159 2797 1278 2884; x_wconf 90' lang='lat' dir='ltr'><strong>Sulpi·</strong></span> 
     </span>
     <span class='ocr_line' id='line_1_27' title="bbox 219 2897 1278 2989; baseline -0.003 -24"><span class='ocrx_word' id='word_1_209' title='bbox 219 2902 304 2976; x_wconf 86' lang='lat' dir='ltr'><strong>cius,</strong></span> <span class='ocrx_word' id='word_1_210' title='bbox 321 2901 429 2989; x_wconf 88' lang='lat' dir='ltr'><strong>judex</strong></span> <span class='ocrx_word' id='word_1_211' title='bbox 450 2899 551 2963; x_wconf 88' lang='lat' dir='ltr'><strong>tristis</strong></span> <span class='ocrx_word' id='word_1_212' title='bbox 569 2908 602 2962; x_wconf 90' lang='lat' dir='ltr'><strong>et</strong></span> <span class='ocrx_word' id='word_1_213' title='bbox 618 2897 764 2984; x_wconf 86' lang='lat' dir='ltr'><strong>integer,</strong></span> <span class='ocrx_word' id='word_1_214' title='bbox 784 2899 1018 2984; x_wconf 85' lang='lat' dir='ltr'><strong>magistratum</strong></span> <span class='ocrx_word' id='word_1_215' title='bbox 1036 2898 1128 2962; x_wconf 90' lang='lat' dir='ltr'><strong>ineat</strong></span> <span class='ocrx_word' id='word_1_216' title='bbox 1143 2910 1278 2982; x_wconf 89' lang='lat' dir='ltr'><strong>oportet</strong></span> 
     </span>
     <span class='ocr_line' id='line_1_28' title="bbox 218 2996 1277 3083; baseline -0.005 -17"><span class='ocrx_word' id='word_1_217' title='bbox 218 3000 330 3066; x_wconf 94' lang='lat' dir='ltr'><strong>Nonis</strong></span> <span class='ocrx_word' id='word_1_218' title='bbox 350 2999 613 3064; x_wconf 87' lang='lat' dir='ltr'><strong>Decembribus.</strong></span> <span class='ocrx_word' id='word_1_219' title='bbox 656 2996 710 3062; x_wconf 91' lang='grc' dir='ltr'><strong>Μ.</strong></span> <span class='ocrx_word' id='word_1_220' title='bbox 730 2997 950 3083; x_wconf 76' lang='lat' dir='ltr'><strong>CrepereiuS,</strong></span> <span class='ocrx_word' id='word_1_221' title='bbox 969 3020 1012 3062; x_wconf 86' lang='lat' dir='ltr'><strong>ex</strong></span> <span class='ocrx_word' id='word_1_222' title='bbox 1029 2997 1196 3062; x_wconf 89' lang='lat' dir='ltr'><strong>acerrima</strong></span> <span class='ocrx_word' id='word_1_223' title='bbox 1215 2999 1277 3062; x_wconf 88' lang='lat' dir='ltr'><strong>illa</strong></span> 
     </span>
     <span class='ocr_line' id='line_1_29' title="bbox 218 3097 1276 3189; baseline -0.004 -22"><span class='ocrx_word' id='word_1_224' title='bbox 218 3102 365 3189; x_wconf 87' lang='lat' dir='ltr'><strong>equestri</strong></span> <span class='ocrx_word' id='word_1_225' title='bbox 387 3099 519 3165; x_wconf 80' lang='lat' dir='ltr'><strong>familia</strong></span> <span class='ocrx_word' id='word_1_226' title='bbox 543 3111 577 3163; x_wconf 90' lang='lat' dir='ltr'><strong>et</strong></span> <span class='ocrx_word' id='word_1_227' title='bbox 600 3097 804 3183; x_wconf 89' lang='lat' dir='ltr'><strong>disciplina;</strong></span> <span class='ocrx_word' id='word_1_228' title='bbox 836 3097 881 3162; x_wconf 91' lang='lat' dir='ltr'><strong>L.</strong></span> <span class='ocrx_word' id='word_1_229' title='bbox 907 3097 1050 3164; x_wconf 89' lang='lat' dir='ltr'><strong>Cassius</strong></span> <span class='ocrx_word' id='word_1_230' title='bbox 1075 3120 1118 3162; x_wconf 88' lang='lat' dir='ltr'><strong>ex</strong></span> <span class='ocrx_word' id='word_1_231' title='bbox 1143 3098 1276 3163; x_wconf 89' lang='lat' dir='ltr'><strong>familia</strong></span> 
     </span>
    </p>

    <p class='ocr_par' dir='ltr' id='par_1_10' title="bbox 219 3196 1275 3286">
     <span class='ocr_line' id='line_1_30' title="bbox 219 3196 1275 3286; baseline -0.005 -19"><span class='ocrx_word' id='word_1_232' title='bbox 219 3222 298 3267; x_wconf 92' lang='lat' dir='ltr'><strong>cum</strong></span> <span class='ocrx_word' id='word_1_233' title='bbox 324 3201 367 3266; x_wconf 88' lang='lat' dir='ltr'><strong>ad</strong></span> <span class='ocrx_word' id='word_1_234' title='bbox 393 3212 524 3266; x_wconf 88' lang='lat' dir='ltr'><strong>ceteras</strong></span> <span class='ocrx_word' id='word_1_235' title='bbox 548 3219 603 3264; x_wconf 87' lang='lat' dir='ltr'><strong>res</strong></span> <span class='ocrx_word' id='word_1_236' title='bbox 625 3209 695 3262; x_wconf 91' lang='lat' dir='ltr'><strong>turn</strong></span> <span class='ocrx_word' id='word_1_237' title='bbox 718 3198 762 3263; x_wconf 94' lang='lat' dir='ltr'><strong>ad</strong></span> <span class='ocrx_word' id='word_1_238' title='bbox 783 3198 1007 3286; x_wconf 89' lang='lat' dir='ltr'><strong>judicandum</strong></span> <span class='ocrx_word' id='word_1_239' title='bbox 1033 3196 1275 3273; x_wconf 83' lang='lat' dir='ltr'><strong>severissima3</strong></span> 
     </span>
    </p>

    <p class='ocr_par' dir='ltr' id='par_1_11' title="bbox 169 3297 1276 3787">
     <span class='ocr_line' id='line_1_31' title="bbox 169 3297 1274 3385; baseline -0.005 -15"><span class='ocrx_word' id='word_1_240' title='bbox 169 3319 200 3369; x_wconf 86' lang='lat'><strong>30</strong></span> <span class='ocrx_word' id='word_1_241' title='bbox 218 3300 286 3369; x_wconf 91' lang='lat' dir='ltr'><strong>Cn.</strong></span> <span class='ocrx_word' id='word_1_242' title='bbox 305 3301 526 3374; x_wconf 88' lang='lat' dir='ltr'><strong>Tremellius,</strong></span> <span class='ocrx_word' id='word_1_243' title='bbox 547 3300 650 3365; x_wconf 93' lang='lat' dir='ltr'><strong>homo</strong></span> <span class='ocrx_word' id='word_1_244' title='bbox 673 3320 807 3363; x_wconf 90' lang='lat' dir='ltr'><strong>summa</strong></span> <span class='ocrx_word' id='word_1_245' title='bbox 832 3299 999 3385; x_wconf 88' lang='lat' dir='ltr'><strong>religione</strong></span> <span class='ocrx_word' id='word_1_246' title='bbox 1023 3310 1056 3364; x_wconf 90' lang='lat' dir='ltr'><strong>et</strong></span> <span class='ocrx_word' id='word_1_247' title='bbox 1079 3297 1274 3385; x_wconf 84' lang='lat' dir='ltr'><strong>diligentia,</strong></span> 
     </span>
     <span class='ocr_line' id='line_1_32' title="bbox 218 3397 1276 3488; baseline -0.003 -22"><span class='ocrx_word' id='word_1_248' title='bbox 218 3413 340 3466; x_wconf 90' lang='lat' dir='ltr'><strong>-tres</strong></span> <span class='ocrx_word' id='word_1_249' title='bbox 358 3402 405 3476; x_wconf 91' lang='lat' dir='ltr'><strong>hi,</strong></span> <span class='ocrx_word' id='word_1_250' title='bbox 422 3400 580 3466; x_wconf 90' lang='lat' dir='ltr'><strong>homines</strong></span> <span class='ocrx_word' id='word_1_251' title='bbox 592 3410 737 3475; x_wconf 91' lang='lat' dir='ltr'><strong>veteres,</strong></span> <span class='ocrx_word' id='word_1_252' title='bbox 753 3399 877 3464; x_wconf 89' lang='lat' dir='ltr'><strong>tribuni</strong></span> <span class='ocrx_word' id='word_1_253' title='bbox 892 3397 1054 3464; x_wconf 89' lang='lat' dir='ltr'><strong>militares</strong></span> <span class='ocrx_word' id='word_1_254' title='bbox 1067 3411 1146 3464; x_wconf 89' lang='lat' dir='ltr'><strong>sunt</strong></span> <span class='ocrx_word' id='word_1_255' title='bbox 1158 3400 1276 3488; x_wconf 87' lang='lat' dir='ltr'><strong>desig-</strong></span> 
     </span>
     <span class='ocr_line' id='line_1_33' title="bbox 218 3499 1276 3589; baseline -0.001 -23"><span class='ocrx_word' id='word_1_256' title='bbox 218 3502 309 3567; x_wconf 88' lang='lat' dir='ltr'><strong>nati:</strong></span> <span class='ocrx_word' id='word_1_257' title='bbox 331 3524 374 3565; x_wconf 88' lang='lat' dir='ltr'><strong>ex</strong></span> <span class='ocrx_word' id='word_1_258' title='bbox 388 3501 471 3566; x_wconf 88' lang='lat' dir='ltr'><strong>Kal.</strong></span> <span class='ocrx_word' id='word_1_259' title='bbox 488 3501 662 3587; x_wconf 89' lang='lat' dir='ltr'><strong>Januariis</strong></span> <span class='ocrx_word' id='word_1_260' title='bbox 679 3523 747 3565; x_wconf 91' lang='lat' dir='ltr'><strong>non</strong></span> <span class='ocrx_word' id='word_1_261' title='bbox 761 3500 974 3589; x_wconf 86' lang='lat' dir='ltr'><strong>judicabunt.</strong></span> <span class='ocrx_word' id='word_1_262' title='bbox 1017 3499 1276 3565; x_wconf 89' lang='lat' dir='ltr'><strong>Subsortiemur</strong></span> 
     </span>
     <span class='ocr_line' id='line_1_34' title="bbox 218 3600 1275 3687; baseline 0.002 -22"><span class='ocrx_word' id='word_1_263' title='bbox 218 3603 320 3666; x_wconf 89' lang='lat' dir='ltr'><strong>etiam</strong></span> <span class='ocrx_word' id='word_1_264' title='bbox 338 3602 372 3665; x_wconf 93' lang='lat' dir='ltr'><strong>in</strong></span> <span class='ocrx_word' id='word_1_265' title='bbox 388 3601 439 3665; x_wconf 90' lang='lat' dir='ltr'><strong>M.</strong></span> <span class='ocrx_word' id='word_1_266' title='bbox 456 3601 588 3665; x_wconf 88' lang='lat' dir='ltr'><strong>Metelli</strong></span> <span class='ocrx_word' id='word_1_267' title='bbox 606 3603 732 3675; x_wconf 89' lang='lat' dir='ltr'><strong>locum,</strong></span> <span class='ocrx_word' id='word_1_268' title='bbox 748 3601 909 3686; x_wconf 89' lang='lat' dir='ltr'><strong>quoniam</strong></span> <span class='ocrx_word' id='word_1_269' title='bbox 927 3601 955 3664; x_wconf 93' lang='lat' dir='ltr'><strong>is</strong></span> <span class='ocrx_word' id='word_1_270' title='bbox 973 3600 1053 3666; x_wconf 91' lang='lat' dir='ltr'><strong>huic</strong></span> <span class='ocrx_word' id='word_1_271' title='bbox 1069 3601 1132 3687; x_wconf 90' lang='lat' dir='ltr'><strong>ipsi</strong></span> <span class='ocrx_word' id='word_1_272' title='bbox 1150 3621 1275 3687; x_wconf 88' lang='lat' dir='ltr'><strong>quaes-</strong></span> 
     </span>
     <span class='ocr_line' id='line_1_35' title="bbox 218 3700 1274 3787; baseline 0.002 -22"><span class='ocrx_word' id='word_1_273' title='bbox 218 3701 300 3765; x_wconf 87' lang='lat' dir='ltr'><strong>tioni</strong></span> <span class='ocrx_word' id='word_1_274' title='bbox 320 3701 537 3786; x_wconf 89' lang='lat' dir='ltr'><strong>praefuturus</strong></span> <span class='ocrx_word' id='word_1_275' title='bbox 553 3712 615 3764; x_wconf 90' lang='lat' dir='ltr'><strong>est.</strong></span> <span class='ocrx_word' id='word_1_276' title='bbox 666 3701 715 3763; x_wconf 88' lang='lat' dir='ltr'><strong>lta</strong></span> <span class='ocrx_word' id='word_1_277' title='bbox 733 3701 921 3764; x_wconf 90' lang='lat' dir='ltr'><strong>secundum</strong></span> <span class='ocrx_word' id='word_1_278' title='bbox 942 3700 1122 3766; x_wconf 87' lang='lat' dir='ltr'><strong>Kalendas</strong></span> <span class='ocrx_word' id='word_1_279' title='bbox 1141 3702 1274 3787; x_wconf 88' lang='lat' dir='ltr'><strong>Janua-</strong></span> 
     </span>
    </p>

    <p class='ocr_par' dir='ltr' id='par_1_12' title="bbox 170 3801 1273 3987">
     <span class='ocr_line' id='line_1_36' title="bbox 170 3801 1272 3884; baseline 0 -16"><span class='ocrx_word' id='word_1_280' title='bbox 170 3819 201 3869; x_wconf 88' lang='grc'><strong>35</strong></span> <span class='ocrx_word' id='word_1_281' title='bbox 219 3801 300 3872; x_wconf 89' lang='lat' dir='ltr'><strong>rias,</strong></span> <span class='ocrx_word' id='word_1_282' title='bbox 331 3812 365 3865; x_wconf 92' lang='lat' dir='ltr'><strong>et</strong></span> <span class='ocrx_word' id='word_1_283' title='bbox 396 3812 553 3884; x_wconf 91' lang='lat' dir='ltr'><strong>praetore</strong></span> <span class='ocrx_word' id='word_1_284' title='bbox 585 3809 617 3862; x_wconf 88' lang='lat' dir='ltr'><strong>et</strong></span> <span class='ocrx_word' id='word_1_285' title='bbox 648 3819 755 3882; x_wconf 90' lang='lat' dir='ltr'><strong>prope</strong></span> <span class='ocrx_word' id='word_1_286' title='bbox 787 3810 855 3863; x_wconf 91' lang='lat' dir='ltr'><strong>toto</strong></span> <span class='ocrx_word' id='word_1_287' title='bbox 884 3801 1025 3865; x_wconf 89' lang='lat' dir='ltr'><strong>consilio</strong></span> <span class='ocrx_word' id='word_1_288' title='bbox 1050 3815 1272 3879; x_wconf 80' lang='lat' dir='ltr'><strong>commutatO,</strong></span> 
     </span>
     <span class='ocr_line' id='line_1_37' title="bbox 220 3897 1273 3987; baseline 0.005 -23"><span class='ocrx_word' id='word_1_289' title='bbox 220 3920 368 3986; x_wconf 86' lang='lat' dir='ltr'><strong>magnas</strong></span> <span class='ocrx_word' id='word_1_290' title='bbox 408 3897 617 3962; x_wconf 87' lang='lat' dir='ltr'><strong>accusatoris</strong></span> <span class='ocrx_word' id='word_1_291' title='bbox 658 3897 782 3972; x_wconf 91' lang='lat' dir='ltr'><strong>minas,</strong></span> <span class='ocrx_word' id='word_1_292' title='bbox 821 3919 1052 3987; x_wconf 86' lang='lat' dir='ltr'><strong>magnamque</strong></span> <span class='ocrx_word' id='word_1_293' title='bbox 1094 3916 1273 3987; x_wconf 85' lang='lat' dir='ltr'><strong>exspecta-</strong></span> 
     </span>
    </p>
   </div>
   <div class='ocr_carea' id='block_1_3' title="bbox 0 0 1362 4266">
    <p class='ocr_par' dir='ltr' id='par_1_13' title="bbox 0 0 1362 4266">
     <span class='ocr_line' id='line_1_38' title="bbox 0 0 1362 4266; baseline 0 2"><span class='ocrx_word' id='word_1_294' title='bbox 0 0 1362 4266; x_wconf 95' lang='lat' dir='ltr'><strong> </strong></span> 
     </span>
    </p>
   </div>
  </div>
 </body>
</html>
