2714 4266
101 191 253 262 cx1.r6o.]
309 193 522 281 Crucrfixr'on
547 195 596 280 of
616 217 638 260 a
662 194 801 260 Roman
831 195 979 262 Cr'traen.
1008 227 1010 230 ·
1112 211 1152 285 51

99 395 278 462 amittant?
310 407 347 461 ut
363 395 539 484 Satyrum,
558 397 616 484 qui
638 397 730 482 apud
755 397 830 462 illos
855 397 889 461 in
916 398 1002 463 aede
1028 395 1156 464 Vestae

99 495 174 561 est?
205 510 241 562 ut
266 496 401 563 cetera?
439 498 521 584 quid
546 497 794 583 Thespienses,
820 509 856 561 ut
880 496 1061 583 Cupidinis
1086 499 1156 586 sig-

98 619 182 661 num
212 596 367 685 [propter
390 599 482 684 quod
507 620 613 662 unum
637 598 792 662 visuntur
816 596 1038 687 Thespiae]?
1073 600 1156 686 quid

97 695 257 772 Cnidios,
283 710 320 762 ut
342 697 515 762 Venerem
545 698 797 762 marmoream?
830 699 925 785 quid,
953 712 990 763 ut
1014 699 1158 784 pictam,

97 795 216 862 Coos?
247 797 328 884 quid
353 797 535 884 Ephesios
555 809 589 862 ut
606 797 871 863 Alexandrum?
903 799 986 885 quid
1010 798 1155 886 Cyzice-
1190 826 1206 880 5

96 919 177 973 noe,
198 909 235 963 ut
253 897 400 986 Ajacem
425 910 483 963 aut
502 896 689 962 Medeam?
720 898 802 984 quid
821 897 992 973 Rhodios,
1011 911 1047 964 ut
1064 899 1156 987 Ialy-

96 997 201 1064 sum?
231 999 314 1085 quid
330 998 574 1074 Athenienses,
592 1009 629 1063 ut
645 1019 689 1062 ex
712 1020 882 1064 marmore
907 998 1072 1064 Iacchum
1098 1011 1157 1066 aut

97 1097 265 1164 Paralum
282 1099 410 1185 pictum
427 1110 485 1163 aut
501 1120 545 1164 ex
562 1119 641 1163 aere
660 1097 820 1185 Myronis
839 1098 1024 1164 buculam?
1063 1099 1157 1165 Lon-

97 1220 185 1287 gum
204 1210 253 1264 est
270 1210 302 1263 et
318 1221 386 1264 non
403 1199 636 1264 necessarium
654 1220 926 1264 commemorare
950 1221 1038 1287 quae
1064 1201 1155 1284 apud

97 1320 255 1386 quosque
283 1299 426 1364 visenda
454 1311 532 1364 sunt
559 1310 627 1365 tota
653 1298 739 1364 Asia
769 1310 800 1364 et
833 1299 1002 1364 Graecia:
1037 1293 1155 1364 verum
1173 1331 1204 1366 10

97 1400 187 1464 illud
204 1410 255 1464 est
269 1420 373 1485 quam
391 1399 520 1465 obrem
538 1400 624 1464 haec
637 1420 918 1474 commemorem,
933 1400 1024 1485 quod
1042 1399 1158 1463 existi-

98 1521 197 1565 mare
214 1501 280 1564 hoc
296 1521 356 1564 vos
373 1500 461 1574 volo,
484 1501 606 1563 mirum
626 1501 799 1586 quendam
819 1499 973 1564 dolorem
998 1499 1156 1585 accipere

98 1623 175 1677 eOS,
193 1621 238 1666 ex
254 1621 398 1688 quorum
416 1599 555 1667 urbibus
574 1601 660 1664 haec
677 1599 886 1666 auferantur.

289 2009 502 2099 Cruczfixion
534 2010 582 2098 os
603 2032 625 2075 o
657 2009 795 2075 Roman
830 2008 975 2077 Cri‘r’zen.

354 2169 451 2233 [Actio
463 2167 601 2226 Secunda,
615 2167 677 2218 Lib.
692 2168 736 2228 V,
750 2169 795 2218 ch.
806 2167 914 2234 61-66.]

150 2299 249 2388 Qun
273 2321 365 2364 nunc
382 2299 510 2386 agam?
554 2297 645 2364 Cum
658 2299 730 2386 jam
748 2309 794 2363 tot
811 2300 913 2363 horas
930 2299 973 2364 de
991 2321 1059 2364 uno
1072 2321 1158 2388 gen-

101 2423 162 2468 ere
179 2401 276 2466 aede
293 2399 388 2465 istius
401 2398 533 2463 nefaria
546 2399 744 2463 crudelitate
759 2399 886 2473 dicam,
899 2421 1031 2463 -cum
1050 2421 1157 2485 prope
1173 2423 1203 2476 ις

100 2523 242 2568 omnem
266 2501 336 2565 vim
360 2501 540 2566 verborum
567 2498 639 2586 ejus
665 2498 769 2573 modi,
793 2521 882 2585 quae
908 2500 1037 2564 scelere
1061 2501 1157 2566 istius

101 2604 211 2688 digna
240 2600 317 2674 sint,
346 2599 421 2664 aliis
449 2599 484 2664 in
512 2599 614 2664 rebus
641 2599 927 2683 consumpserim,
951 2621 1061 2687 neque
1091 2600 1157 2665 hoc

101 2700 323 2788 providerim,
349 2711 386 2765 ut
408 2699 572 2764 varietate
597 2698 776 2763 criminum
802 2721 863 2764 vos
892 2710 1036 2764 attentos
1064 2711 1157 2764 tene-

101 2822 359 2888 rem,-quem
380 2800 584 2865 admodum
605 2799 647 2862 de
668 2810 761 2862 tanta
781 2820 817 2862 re
837 2797 973 2863 dicam?
1009 2799 1154 2884 Opinor,

101 2923 193 2968 unus
224 2901 346 2966 modus
379 2910 479 2987 atque
512 2921 580 2964 una
611 2892 696 2963 ratio
726 2909 786 2963 est.
851 2898 942 2962 Rem
975 2898 1010 2961 in
1042 2899 1204 2964 mediozo

103 3023 244 3088 ponam,
270 3021 359 3087 quae
383 3012 513 3064 tantum
540 2999 644 3064 habet
667 2999 742 3084 ipsa
769 2998 958 3086 gravitatis,
983 3011 1019 3062 ut
1044 3020 1155 3084 neque

103 3124 182 3169 mea
198 3103 305 3190 (quae
322 3101 416 3165 nulla
433 3101 500 3187 est)
517 3122 628 3186 neque
645 3100 862 3188 cujusquam,
878 3100 921 3163 ad
939 3099 1155 3164 inflamman-

104 3205 166 3270 dos
182 3213 311 3268 vestros
329 3201 474 3275 animos,
493 3200 686 3286 eloquentia
703 3199 904 3287 requiratur.

148 3317 177 3366 2.
200 3302 333 3369 Gavius
351 3301 419 3374 hic,
434 3322 536 3387 quem
553 3301 643 3375 dico,
658 3299 855 3374 Consanus,
870 3321 948 3364 cum
966 3299 1000 3364 in
1017 3299 1076 3364 illo
1093 3322 1156 3365 nu-

105 3425 199 3468 mero
223 3402 347 3468 civium
373 3401 610 3465 Romanorum
636 3400 679 3464 ab
704 3400 767 3465 isto
791 3401 826 3464 in
845 3399 959 3464 vincla
980 3401 1154 3487 conjectus
1173 3424 1204 3475 ²5

16 3527 20 3536 ·
105 3514 206 3577 esset,
228 3514 261 3568 et
284 3501 400 3566 nescio
422 3521 489 3587 qua
506 3501 636 3564 ratione
653 3500 743 3563 clam
761 3521 779 3563 e
796 3500 969 3563 lautumiis
987 3499 1155 3587 profugis-

105 3615 167 3679 set,
187 3603 455 3686 Messanamque
473 3600 632 3673 venisset,
645 3600 757 3684 —qui
779 3612 848 3663 tam
867 3620 972 3684 prope
985 3600 1057 3686 jam
1075 3599 1154 3664 Ital-

105 3704 219 3770 iamet
234 3701 368 3768 moenia
385 3701 601 3786 Reginorum
619 3699 745 3763 civium
759 3699 996 3765 Romanorum
1010 3701 1152 3775 videret,

105 3814 138 3868 et
160 3825 205 3868 ex
228 3803 287 3868 illo
304 3812 395 3866 metu
412 3800 528 3865 mortis
546 3819 587 3864 ac
603 3798 764 3874 tenebris,
782 3799 880 3885 quasi
898 3800 974 3863 luce
990 3799 1153 3864 libertatis

106 3914 138 3968 et
159 3903 264 3972 odore
296 3902 410 3988 aliquo
441 3901 559 3988 legum
590 3908 777 3974 recreatus,
804 3898 1152 3987 revixisset,-loqui
1172 3921 1204 3970 30
