2714 4266
97 211 146 251 rx.
163 199 216 270 22]
419 199 454 266 T
448 201 490 264 he
513 199 640 265 Praise
664 204 712 286 os
725 201 908 266 Lucullus.
1116 201 1158 284 65

96 401 353 466 elaborandum
375 414 437 477 est,
456 424 500 466 ne
517 401 602 468 forte
619 424 660 466 ea
676 403 773 468 vobis
789 425 878 490 quae
898 403 1159 492 diligentissime

96 503 319 585 providenda
336 515 426 578 sunt,
442 504 694 568 contemnenda
711 525 786 568 esse
803 505 994 568 videantur.
1045 503 1158 590 Atque

95 607 279 668 ut'omnes
299 605 501 690 intellegant
522 625 577 668 me
598 604 641 667 L.
662 604 809 670 Lucullo
831 617 960 669 tantum
986 607 1158 691 impertire

95 704 230 778 laudis,
248 717 414 790 quantum
439 704 514 768 forti
532 705 605 769 viro
622 717 655 768 et
671 706 816 789 sapienti
835 707 963 770 bomini
980 717 1013 770 et
1030 728 1158 792 magno

95 803 300 888 imperatori
317 805 494 879 debeatur,
513 805 591 870 dico
608 805 682 892 ejus
700 807 849 869 adventu
868 807 1036 870 maximas
1053 805 1158 870 Mith-
1189 831 1205 888 ς

95 903 203 968 ridati
232 905 349 989 copias
376 905 535 970 omnibus
563 907 665 969 rebus
689 917 827 970 ornatas
851 918 952 992 atque
977 906 1159 970 instructas

95 1003 221 1079 fuisse,
240 1005 428 1091 urbemque
449 1003 556 1069 Asiae
580 1006 808 1070 clarissimam
832 1007 999 1093 nobisque
1024 1007 1157 1071 amicis-

95 1103 240 1178 simam,
275 1103 542 1190 Cyzicenorum,
576 1106 752 1169 obsessam
785 1127 861 1170 esse
894 1107 936 1170 ab
968 1106 1043 1192 ipso
1074 1127 1158 1193 rege

96 1203 256 1267 maxima
285 1204 500 1268 multitudine
525 1215 558 1269 et
581 1218 817 1292 oppugnatam
841 1207 1155 1279 vehementissime,

96 1325 206 1390 quam
232 1304 276 1367 L.
301 1303 468 1369 Lucullus
493 1305 628 1380 virtute,
651 1305 798 1370 adsiduit
822 1317 867 1382 te,
889 1307 1044 1382 consilio,
1066 1329 1158 1371 sum·
1173 1336 1203 1373 10

98 1393 168 1467 mis
196 1404 383 1469 obsidionis
413 1405 574 1490 periculis
603 1406 758 1470 liberavit
771 1327 845 1502 :lfdn
870 1408 913 1471 ab
941 1408 1061 1472 eodem
1095 1407 1158 1470 im-

97 1517 260 1590 peratore
284 1506 430 1568 classem
455 1527 620 1592 magnam
647 1517 680 1570 et
702 1519 872 1580 ornatam,
896 1527 984 1593 quae
1012 1507 1158 1572 ducibus

97 1603 309 1669 Sertorianis
334 1606 378 1669 ad
404 1604 540 1668 Italiam
569 1607 680 1670 studio
709 1622 810 1693 atque
838 1607 917 1671 odio
946 1607 1158 1672 inflammata

96 1716 292 1789 raperetur,
314 1716 507 1789 superatam
534 1726 609 1770 esse
635 1718 735 1791 atque
759 1707 980 1791 depressam
1011 1727 1156 1793 magnas

99 1805 250 1869 hostium
275 1817 452 1889 praeterea
474 1805 592 1890 copias
613 1806 726 1870 multis
752 1807 888 1892 proeliis
913 1827 988 1871 esse
1010 1807 1153 1882 deletaS,
1173 1835 1202 1888 ις

99 1904 378 1991 patefactumque
412 1906 534 1970 nostris
567 1907 761 1994 legionibus
793 1928 868 1971 esse
906 1905 1066 1982 Pontum,
1099 1907 1158 1994 qui

98 2017 203 2068 antea
224 2006 350 2090 populo
372 2005 533 2070 Romano
553 2027 597 2070 ex
617 2007 710 2070 omni
735 2007 829 2071 aditu
853 2008 991 2072 clausus
1016 2007 1155 2082 fuisset3

99 2104 257 2191 Sinopen
278 2119 378 2192 atque
399 2104 572 2180 Amisum,
591 2107 714 2192 quibus
731 2108 765 2170 in
783 2108 918 2192 oppidis
936 2120 1033 2172 erant
1048 2108 1157 2172 domi-

100 2205 182 2270 cilia
210 2205 315 2292 regie,
342 2205 501 2270 omnibus
529 2206 631 2270 rebus
658 2218 796 2271 ornatas
821 2229 863 2271 ac
887 2209 1041 2283 refertaS,
1067 2220 1157 2272 cete·

100 2327 226 2393 rasque
240 2305 333 2370 urbis
347 2304 446 2370 Ponti
461 2319 494 2370 et
506 2304 752 2392 Cappadociae
765 2309 965 2392 permultas,
981 2330 1049 2373 uno
1063 2308 1155 2373 aditu
1170 2336 1202 2373 20

103 2408 322 2493 adventuque
335 2428 410 2470 esse
424 2417 541 2490 captas
554 2429 562 2478 ;
584 2429 716 2494 regem,
731 2407 912 2492 spoliatum
925 2429 1034 2494 regno
1047 2408 1157 2493 patrio

102 2521 204 2596 atque
218 2509 321 2582 avit0,
339 2509 381 2571 ad
399 2507 485 2571 alios
499 2528 535 2570 se
550 2529 649 2592 reges
667 2519 767 2592 atque
786 2507 828 2570 ad
847 2509 931 2571 alias
948 2508 1059 2594 gentis
1076 2531 1157 2592 sup-

102 2611 226 2696 plicem
260 2608 464 2682 contulisse3
504 2619 604 2693 atque
637 2609 723 2671 haec
755 2608 869 2672 omnia
901 2608 1005 2672 salvis
1038 2607 1155 2692 populi

103 2709 255 2777 Romani
275 2708 376 2773 sociis
402 2720 503 2794 atque
527 2707 668 2794 integris
692 2708 919 2794 vectigalibus
943 2729 1018 2772 esse
1043 2721 1153 2794 gesta.

102 2811 194 2876 Satis
223 2809 343 2894 opinor
368 2810 454 2872 haec
479 2829 555 2872 esse
580 2808 704 2882 laudis,
727 2819 827 2894 atque
851 2808 910 2880 ita,
933 2805 1098 2891 Quirites,
1122 2819 1157 2871 ut
1170 2836 1201 2888 ²5

103 2913 169 2974 hoc
185 2932 245 2973 vos
262 2909 481 2996 intellegatis.
502 2929 522 2971 a
547 2909 641 2972 nullo
665 2909 819 2979 istorum,
838 2907 895 2992 qui
922 2909 1001 2970 huic
1024 2909 1156 2972 obtrec-

101 3022 175 3075 tant
191 3009 260 3096 legi
281 3022 380 3096 atque
406 3030 544 3081 causae,
564 3007 607 3071 L.
627 3007 813 3071 Lucullum
837 3007 991 3071 similiter
1019 3029 1062 3071 ex
1091 3009 1156 3072 hoc

26 3105 29 3110 ’
102 3111 180 3176 loco
204 3132 279 3174 esse
304 3111 493 3173 laudatum.

149 3231 199 3275 1x.
224 3229 272 3275 aa.
296 3210 503 3296 Requiretur
527 3209 669 3273 fortasse
695 3229 786 3271 nunc
809 3229 911 3295 quem
934 3208 978 3272 ad
1001 3209 1153 3283 modum,

104 3333 182 3376 cum
196 3313 283 3375 haec
293 3311 338 3374 ita
351 3311 430 3383 sint,
442 3309 610 3396 reliquum
626 3309 731 3393 possit
745 3330 909 3394 magnum
923 3330 998 3374 esse
1012 3310 1152 3374 bellum.
1169 3337 1201 3388 30

105 3411 325 3500 Cognoscite,
342 3409 507 3494 Quirites.
556 3407 638 3473 Non
652 3409 743 3472 enim
761 3410 826 3472 hoc
843 3409 916 3472 sine
930 3430 1035 3474 causa
1051 3431 1156 3496 quae·

104 3511 132 3576 ri
159 3513 304 3577 videtur.
368 3510 521 3575 Primum
551 3531 594 3572 ex
623 3530 685 3573 suo
717 3530 825 3595 regno
857 3509 906 3573 sic
937 3509 1156 3574 Mithridates

104 3613 266 3700 profugit,
284 3623 321 3676 ut
337 3633 381 3675 ex
398 3612 518 3675 eodem
537 3608 645 3672 Ponto
664 3607 792 3672 Medea
809 3609 867 3671 illa
884 3611 1057 3695 quondam
1079 3631 1156 3694 pro-

104 3713 235 3798 fugisse
262 3711 397 3785 dicitur,
427 3731 531 3797 quam
560 3709 761 3792 praedicant
788 3709 823 3773 in
851 3709 935 3796 fuga
962 3709 1074 3773 fratris
1103 3708 1155 3774 sui

104 3813 258 3879 membra
289 3811 325 3877 iu
356 3812 405 3876 eis
437 3811 532 3883 locis,
559 3829 627 3894 qua
659 3830 695 3872 se
727 3830 852 3894 parens
880 3820 1152 3895 persequeretur,
1170 3836 1200 3889 35

104 3913 336 4002 dissipavisse,
366 3922 543 3978 uteorum
568 3909 735 3974 conlectio
759 3910 927 3995 dispersa,
953 3929 1154 3994 maerorque

620 4029 637 4082 5
