2668 4262
185 160 248 225 116
474 143 689 246 Conspr'racy
713 159 761 246 of
780 157 942 224 Catilina.
1033 157 1154 227 [CAT1L·
1177 155 1233 208 111
1319 247 1320 262 ἵ

182 363 267 427 simo
284 361 370 436 viro,
389 383 457 425 non
475 359 597 434 fuerat,
617 382 684 446 quo
702 359 814 424 minus
832 359 873 426 C.
893 359 1091 434 Glauciam,
1107 362 1151 426 de
1167 383 1242 447 quo

183 463 266 526 nihil
292 462 491 525 nominatim
517 473 589 524 erat
616 463 805 534 decretum,
832 473 1023 544 praetorem
1047 461 1241 546 occideret,

182 584 222 626 ea
241 584 301 626 nos
318 561 487 648 religione
512 559 545 622 in
573 560 704 644 privato
721 558 761 624 Ρ.
782 559 930 624 Lentulo
954 561 1130 645 puniendo
1152 561 1243 624 libe·

182 684 348 726 raremur.
365 650 408 738 V

152 789 166 841 ς
227 782 292 826 vn.
317 777 360 824 ts.
388 759 492 825 Nunc
517 761 693 846 quoniam,
721 760 887 847 Quirites,
914 761 1243 826 consceleratissimi
1284 817 1287 824 .
1319 835 1320 852 χ

182 861 530 948 periculosissimique
555 862 634 924 belli
659 861 808 926 nefarios
834 863 938 926 duces
962 874 1079 945 captos
1098 861 1172 949 jam
1207 875 1243 926 et

182 963 449 1046 comprehensos
466 962 600 1036 tenetiS,
618 961 814 1026 existimare
831 962 961 1026 debetis
988 963 1100 1027 omnis
1118 961 1244 1028 Catiti-
1319 991 1320 1036 ;

182 1085 247 1128 nae
265 1063 395 1146 copiaS,
414 1062 525 1126 omnis
549 1083 628 1146 spes
653 1075 754 1149 atque
774 1083 870 1146 opes,
891 1063 942 1126 his
967 1063 1119 1148 depulsis
1143 1065 1242 1128 urbis
1319 1089 1320 1092 ¹

183 1163 344 1248 periculis
361 1163 563 1226 concidisse.
613 1161 727 1246 Quem
746 1164 883 1248 quidem
901 1185 966 1250 ego
984 1185 1062 1228 curu
1082 1187 1128 1228 ex
1152 1167 1241 1229 urbe

138 1288 167 1323 ιο
184 1265 368 1348 pellebam,
388 1264 453 1326 hoc
478 1263 699 1347 providebam
725 1264 853 1337 animo,
873 1262 1037 1347 Quirites,
1051 1278 1241 1329 —remoto

184 1364 346 1436 Catilina,
381 1386 449 1428 non
479 1363 562 1428 mihi
587 1385 661 1428 esse
686 1363 726 1427 P.
746 1363 884 1428 Lentuli
909 1387 1080 1440 somnum,
1108 1387 1175 1430 nec
1188 1365 1237 1429 L.
1319 1355 1320 1392 ⁷

183 1464 284 1530 Cassi
310 1465 441 1550 adipes
468 1486 533 1530 nec
568 1462 610 1528 C.
638 1463 786 1552 Cethegi
815 1465 979 1530 furiosum
1011 1467 1239 1530 temeritatem
1319 1479 1320 1558 ζ

185 1565 505 1649 pertimescendam.
570 1565 633 1629 Ille
666 1578 739 1630 erat
770 1587 857 1630 unus
889 1565 1060 1630 timendus
1088 1587 1133 1630 ex
1165 1566 1242 1630 istis

185 1667 356 1739 omnibus
379 1667 440 1730 sed
464 1677 533 1729 tam
558 1666 629 1740 diu,
656 1666 737 1729 dum
765 1666 856 1730 urbis
881 1665 1060 1730 moenibus
1083 1666 1242 1730 contine·
1319 1741 1320 1744 Ἴ

138 1789 167 1839 15
185 1767 295 1831 batur.
346 1765 474 1831 Otnnia
498 1778 607 1838 norat,
626 1766 777 1830 omnium
804 1767 914 1830 aditus
936 1766 1092 1830 tenebat:
1119 1767 1242 1850 appel-

186 1867 270 1940 lare,
300 1878 478 1953 temptare,
513 1867 694 1932 sollicitare
728 1878 868 1950 poterat,
904 1867 1072 1959 audebat:
1104 1879 1178 1930 erat
1204 1867 1241 1930 ei

187 1968 366 2032 consilium
401 1968 444 2032 ad
477 1966 609 2030 facinus
641 1979 771 2050 aptum,
802 1963 944 2030 consilio
979 1980 1091 2030 autem
1124 1988 1242 2052 neque

188 2091 309 2132 manus
334 2089 444 2154 neque
469 2068 588 2154 lingua
612 2067 740 2130 deerat.
786 2065 865 2150 Jam
888 2067 932 2130 ad
957 2079 1066 2130 certas
1084 2089 1138 2131 res
1154 2088 1243 2131 con-

187 2170 351 2234 ficiendas
380 2182 490 2234 certos
526 2167 682 2232 homines
714 2167 864 2230 delectos
890 2187 930 2230 ac
963 2167 1151 2251 descriptos
1177 2169 1243 2229 ha·
1319 2191 1320 2196 ¹

138 2287 170 2322 20
187 2271 296 2333 bebat.
339 2269 462 2354 Neque
480 2291 573 2342 vero,
589 2289 667 2331 cum
685 2267 813 2352 aliquid
832 2268 1023 2339 mandarat,
1043 2267 1240 2332 confectum

187 2372 348 2454 putabat:
373 2371 457 2434 nihil
484 2381 556 2434 erat
581 2368 672 2454 quod
697 2389 763 2431 non
791 2372 864 2450 ipse
890 2367 1011 2441 obiret,
1028 2370 1239 2441 occurreret,

187 2471 358 2557 vigilaret,
389 2470 570 2534 laboraret.
620 2468 760 2554 Frigus,
780 2468 882 2541 sitim,
907 2467 1047 2542 samem,
1066 2467 1153 2532 ferre
1178 2491 1242 2553 po-

187 2582 283 2635 terat.
332 2586 373 2634 lt.
398 2571 503 2634 Hunc
526 2592 592 2656 ego
617 2569 790 2633 hominem
808 2580 877 2631 tam
898 2589 1027 2644 acrem,
1045 2581 1114 2632 tam
1132 2571 1242 2632 auda·
1319 2607 1320 2634 l

189 2692 277 2746 cem,
311 2683 379 2736 tam
417 2682 587 2756 paratum,
621 2681 690 2734 tam
731 2668 906 2742 callidum,
940 2681 1009 2732 tam
1041 2669 1076 2733 in
1108 2671 1242 2734 scelere

140 2787 170 2836 ²5
189 2773 402 2858 vigilantem,
426 2785 495 2836 tam
520 2771 554 2835 in
584 2769 724 2855 perditis
748 2771 848 2834 rebus
873 2769 1085 2856 diligentem,
1104 2770 1168 2834 nisi
1195 2791 1242 2834 ex

189 2871 384 2936 domesticis
408 2873 538 2937 insidiis
559 2872 593 2934 in
618 2884 791 2937 castrense
816 2870 1031 2935 latrocinium
1055 2871 1242 2955 compulis-

190 2993 332 3045 sem‚-
345 2973 456 3037 dicam
483 2973 516 3037 id
537 2971 628 3057 quod
653 2971 775 3043 sentio,
810 2970 1032 3054 Quirites—-
1045 2994 1112 3036 non
1137 2971 1242 3036 facile

181 3071 280 3135 hanc
296 3084 424 3136 tantam
451 3073 574 3136 molem
602 3072 682 3136 mali
700 3093 719 3135 a
738 3073 927 3136 cervicibus
945 3073 1064 3137 vestris
1089 3072 1241 3157 depulis·
1319 3099 1320 3164 ᾗ

190 3193 275 3236 sem.
333 3171 414 3236 Non
439 3173 496 3236 ille
520 3171 617 3235 nobis
642 3171 838 3236 Saturnalia
863 3173 1101 3246 constituisset,
1128 3193 1240 3259 neque

142 3287 173 3335 30
190 3283 282 3338 tanto
300 3284 377 3336 ante
402 3271 499 3338 exsili
518 3294 558 3336 ac
575 3271 633 3336 sati
651 3272 741 3336 diem
760 3273 808 3336 rei
825 3273 983 3357 publicae
1008 3273 1241 3338 denuntiavis-
1319 3289 1320 3322 t

191 3385 261 3447 set3
298 3394 409 3458 neque
438 3371 665 3436 commisisset
691 3383 728 3436 ut
755 3373 906 3457 signum,
934 3385 971 3437 ut
1001 3374 1131 3437 litterae
1155 3395 1239 3438 suae

190 3484 292 3536 testes
328 3472 499 3538 manifesti
547 3472 686 3536 sceleris
723 3471 1072 3557 deprehenderentur.
1137 3473 1238 3558 Quae
1319 3499 1320 3512 ¹

192 3594 283 3637 nunc
299 3573 358 3636 illo
381 3574 520 3636 absente
548 3572 597 3636 sic
614 3584 710 3658 gesta
735 3584 825 3646 sunt,
845 3585 880 3636 ut
896 3575 1028 3636 nullum
1051 3573 1086 3637 in
1109 3573 1237 3658 privata

193 3673 293 3736 domo
310 3673 435 3735 furtum
459 3693 623 3756 umquam
650 3671 692 3734 sit
708 3685 776 3735 tam
795 3673 909 3755 palam
929 3673 1118 3747 inventum,
1136 3693 1236 3758 quam
1319 3685 1320 3696 ¹

144 3786 175 3835 35
193 3772 280 3833 haec
303 3781 396 3833 tanta
420 3770 455 3832 in
480 3791 515 3832 re
541 3770 679 3852 publica
703 3770 890 3856 conjuratio
920 3771 1099 3836 manifesto
1124 3773 1238 3836 inven-

193 3879 227 3932 ta
250 3880 351 3953 atque
375 3867 592 3952 deprehensa
620 3878 681 3932 est.
744 3866 848 3952 Quod
874 3868 903 3933 si
925 3867 1074 3935 Catilina
1098 3871 1134 3934 in
1157 3871 1237 3935 urbe
