2714 4266
200 222 244 292 50
477 205 736 293 Impeackment
759 206 807 292 qs
832 202 970 270 Verres.
1084 202 1203 274 [VERR-
1222 201 1262 254 V.

199 406 376 493 metipsos
393 407 480 472 haec
505 407 628 472 eadem
658 406 776 472 audire
796 416 887 471 certo
911 404 1141 480 seim-cum
1166 405 1261 469 mul-

199 519 250 574 tas
283 508 477 594 acceperint
508 529 569 592 per
601 508 704 572 hosce
736 528 845 571 annos
873 506 956 570 socii
985 517 1085 593 atque
1114 516 1259 570 exterae

200 608 354 672 nationes
375 608 585 673 calamitates
603 619 634 670 et
650 606 805 694 injurias,
824 607 936 670 nullas
953 604 1078 670 Graeci
1096 605 1260 670 homines

200 708 340 793 gravius
357 707 469 772 serunt
486 728 526 770 ac
542 707 703 780 tulerunt,
723 727 825 792 quam
844 706 986 794 hujusce
1012 705 1103 770 modi
1128 705 1260 790 spolia-

168 831 182 886 5
200 808 309 872 tiones
326 807 483 872 sanorum
502 819 601 894 atque
619 806 835 890 oppidorum.

244 923 286 970 19.
309 906 408 972 Licet
425 907 486 972 iste
504 906 595 971 dieat
611 906 735 972 emisse
753 927 802 980 se,
817 905 916 970 sicuti
933 907 1019 972 solet
1035 905 1162 981 dicere,
1184 927 1260 970 cre-

200 1007 268 1072 dite
285 1007 351 1072 hoc
368 1007 464 1082 mihi,
475 1007 630 1095 judices:
654 1006 749 1070 nulla
765 1027 929 1092 umquam
948 1006 1066 1072 civitas
1083 1017 1151 1072 tota
1166 1006 1259 1071 Asia

200 1119 233 1171 et
246 1105 395 1172 Graecia
413 1107 551 1194 signum
569 1106 691 1181 ullum,
706 1105 858 1170 tabulam
877 1106 1018 1190 pictam,
1033 1107 1140 1171 ullum
1158 1105 1259 1171 deni-

200 1227 267 1294 que
283 1217 522 1272 0rnamentum
539 1206 645 1281 urbis,
665 1227 727 1272 sua
751 1206 925 1271 voluntate
951 1206 1110 1294 cuiquam
1135 1206 1256 1271 vendi-

153 1333 183 1370 ιο
202 1307 262 1382 dit,
283 1305 347 1371 nisi
373 1305 457 1370 forte
477 1305 693 1379 existimatis,
715 1317 833 1391 postea
855 1327 959 1394 quam
979 1306 1109 1394 judicia
1133 1326 1258 1371 severa
1337 1329 1338 1334 ¹

203 1405 338 1471 Romae
363 1406 436 1470 fieri
465 1405 651 1480 desierunt,
673 1403 827 1471 Graecos
853 1395 1010 1470 homines
1030 1407 1117 1471 haec
1135 1406 1258 1472 vendi-

201 1518 274 1570 tare
302 1507 469 1591 coepisse,
494 1527 583 1592 quae
607 1517 678 1571 tum
703 1528 771 1570 non
800 1507 901 1571 modo
926 1528 994 1570 non
1018 1506 1254 1580 venditabant,

203 1629 280 1672 cum
294 1606 424 1695 judicia
440 1607 581 1680 fiebant,
600 1627 718 1670 verum
736 1606 837 1670 etiam
855 1605 1077 1680 coemebant3
1107 1618 1165 1672 aut
1190 1606 1257 1670 nisi

205 1707 413 1771 arbitramini
438 1706 482 1772 L.
502 1705 643 1782 Crasso,
663 1705 717 1790 Q
730 1705 933 1774 Scaevolae,
954 1705 997 1772 C.
1016 1705 1175 1780 Claudio,
1197 1729 1257 1792 po·
1338 1741 1339 1756 2

156 1834 165 1868 1
171 1834 185 1884 ς
204 1807 399 1873 tentissimis
424 1808 632 1881 hominibus,
650 1828 794 1894 quorum
814 1807 1004 1873 aedilitates
1017 1807 1256 1872 ornatissimas

203 1908 364 1981 vidimuS,
398 1908 641 1972 commercium
675 1909 814 1972 istarum
851 1929 963 1972 rerum
1000 1928 1077 1972 cum
1110 1907 1255 1974 Graecis

204 2008 399 2082 hominibus
415 2029 484 2074 non
502 2007 619 2080 fuisse,
638 2009 687 2074 eis
706 2008 763 2096 qui
785 2019 860 2094 post
879 2007 1085 2097 judiciorum
1110 2009 1256 2074 dissolu·

170 2113 177 2142 '
204 2110 329 2174 tionem
348 2109 476 2174 aediles
494 2108 572 2174 facti
590 2119 668 2172 sunt
685 2107 801 2174 fuisse.

123 2239 199 2276 κ
249 2229 311 2274 Lx.
336 2225 385 2274 πο.
409 2208 634 2274 Acerbiorem
669 2210 770 2273 etiarn
809 2208 924 2273 scitote
956 2230 1031 2274 esse
1063 2208 1256 2274 civitatibus
1339 2265 1340 2272 ,

154 2333 186 2368 20
204 2309 326 2374 falsam
354 2309 453 2374 istam
483 2319 515 2372 et
542 2309 737 2372 simulatam
766 2308 987 2394 emptionem,
1011 2331 1114 2396 quam
1140 2310 1169 2374 si
1197 2309 1255 2398 qui

205 2409 294 2474 clam
312 2409 471 2494 surripiat
488 2420 545 2472 aut
561 2408 682 2492 eripiat
704 2408 818 2493 palam
844 2420 944 2494 atque
969 2408 1112 2474 auferat.
1162 2408 1255 2473 Nam

204 2509 447 2594 turpitudinem
465 2529 633 2572 summam
653 2529 728 2572 esse
746 2508 950 2572 arbitrantur
966 2508 1083 2573 referri
1100 2509 1134 2573 in
1160 2510 1257 2574 tabu·

205 2609 256 2674 las
281 2609 449 2693 publicas,
468 2608 575 2692 pretio
595 2607 777 2672 adductam
796 2607 966 2672 civitatem
988 2609 1038 2693 (et
1056 2608 1162 2692 pretio
1179 2629 1257 2694 par-

205 2711 266 2792 vo)
292 2731 333 2774 ea
356 2729 444 2796 quae
465 2708 655 2792 accepisset
680 2728 699 2771 a
725 2706 910 2795 majoribus
935 2707 1130 2772 vendidisse
1154 2721 1256 2795 atque

158 2809 431 2884 25abalienasse.
496 2807 632 2871 Etenim
665 2807 858 2872 mirandum
890 2807 925 2871 in
957 2807 1096 2872 modum
1129 2807 1255 2873 Graeci

205 2909 307 2974 rebus
320 2907 405 2982 istis,
419 2929 504 2995 quas
522 2928 584 2971 nos
602 2906 864 2981 contemnimuS,
878 2907 1100 2972 delectantur.
1136 2906 1255 2996 ltaque

206 3009 353 3098 majores
369 3007 472 3072 nostri
491 3006 590 3071 facile
613 3006 841 3091 patiebantur,
861 3008 948 3071 haec
964 3028 1039 3071 esse
1064 3008 1155 3093 apud
1179 3008 1255 3074 illos

206 3131 308 3198 quarn
334 3108 502 3194 plurima:
535 3106 627 3190 apud
652 3107 776 3181 socios,
798 3118 833 3170 ut
856 3107 998 3193 imperio
1018 3121 1132 3172 nostro
1150 3129 1254 3194 quarn

205 3209 411 3276 ornatissimi
437 3206 735 3295 florentissimique
760 3219 894 3281 essent3
927 3208 1019 3292 apud
1043 3229 1102 3272 eos
1127 3220 1252 3282 autem,

159 3335 190 3384 30
206 3332 292 3397 quos
309 3308 486 3396 vectigalis
504 3319 561 3371 aut
585 3306 823 3391 stipendiarios
847 3306 1012 3381 fecerant,
1030 3319 1144 3372 tamen
1170 3309 1255 3374 haec

206 3409 457 3495 relinquebant,
480 3421 515 3472 ut
543 3407 591 3470 illi
617 3407 741 3492 quibus
766 3407 853 3471 haec
877 3407 1030 3494 jucunda
1055 3420 1146 3481 sunt,
1167 3430 1253 3495 quae

207 3510 305 3574 nobis
330 3508 419 3572 levia
447 3508 616 3582 videntur,
641 3507 806 3572 haberent
834 3508 920 3572 haec
947 3508 1196 3573 oblectamenta
1223 3521 1254 3574 et

207 3609 334 3676 solacia
359 3608 539 3673 servitutis.

151 3731 190 3770 κ
251 3725 293 3771 21.
318 3705 412 3790 Quid
441 3705 650 3769 arbitramini
676 3706 845 3792 Reginos,
867 3707 924 3792 qui
954 3707 1026 3794 jam
1061 3710 1152 3774 cives
1184 3708 1251 3774 Ro·

163 3829 193 3880 35
209 3807 300 3870 mani
329 3817 419 3876 sunt,
440 3825 572 3867 merere
596 3804 698 3878 velle,
721 3815 758 3868 ut
783 3805 826 3868 ab
852 3806 901 3868 eis
924 3828 1114 3873 marmorea
1135 3807 1252 3873 Venus

208 3905 267 3968 illa
292 3901 487 3968 auferatur?
518 3901 600 3988 quid
621 3901 841 3978 Tarentinos,
859 3913 895 3968 ut
914 3903 1089 3990 Europam
1106 3908 1141 3972 in
1157 3919 1252 3974 tauro
