2716 4266
203 209 269 282 190
293 222 298 231 ·
552 188 709 276 Desence
733 191 781 278 ‘ff
794 189 897 256 Maeto.
1151 183 1257 255 [ler

201 393 301 460 luerit
325 390 447 479 aptior.
498 390 536 457 ld
562 413 657 462 vero,
681 391 829 480 judices,
848 389 950 456 etiam
976 388 1205 455 dubitandum
1229 400 1259 452 et

201 495 327 560 diutius
355 492 576 580 cogitandum
600 491 672 556 est?
718 490 810 556 Ante
833 491 975 556 fundum
997 489 1110 562 Clodi,
1131 509 1204 574 quo
1227 487 1258 550 in

201 595 306 659 fundo
323 606 460 679 propter
478 593 618 656 insanas
635 592 712 656 illas
733 591 1000 656 substructiones
1023 589 1125 653 facile
1154 589 1261 653 homi-

202 717 283 759 num
302 696 393 758 mille
409 693 635 758 versabantur
648 693 848 764 valentium,
864 691 954 756 edito
968 689 1144 755 adversari
1161 702 1260 774 atque

47 853 50 858 .
149 820 165 877 ς
202 796 339 859 excelso
356 795 444 863 loco,
470 793 680 878 superiorem
711 815 748 858 se
777 793 848 857 lore
878 803 1011 878 putarat
1037 789 1137 864 Milo,
1160 803 1195 853 et
1220 789 1261 852 0b

201 916 277 959 eam
295 916 366 958 rem
384 917 462 958 eum
481 896 593 958 locum
613 893 655 958 ad
673 915 828 981 pugnam
846 893 1059 978 potissimum
1081 887 1262 978 elegerat?

202 1016 245 1059 an
263 994 297 1058 in
314 1015 356 1058 eo
372 994 447 1059 loco
467 1007 518 1058 est
543 995 653 1079 potins
683 1007 900 1080 exspectatus
926 995 969 1057 ab
995 1014 1036 1057 eo
1063 992 1121 1078 qui
1153 991 1262 1078 ipsius

202 1095 266 1159 loci
284 1117 344 1179 spe
361 1092 474 1158 facere
492 1095 657 1180 impetum
678 1093 867 1182 cogitarat?
914 1094 987 1160 Res
1003 1093 1153 1180 loquitur
1172 1094 1261 1178 ipsa,

206 1194 352 1282 judices,
378 1215 467 1280 quae
500 1216 637 1280 semper
665 1197 757 1260 valet
787 1183 985 1281 plurimum.
1034 1211 1079 1259 54.
1102 1193 1143 1260 Si
1175 1195 1263 1275 haec

150 1333 182 1374 10
201 1317 269 1360 non
291 1306 390 1382 gesta
406 1295 583 1370 audiretis,
602 1295 664 1360 sed
681 1296 771 1380 picta
788 1295 960 1370 videretis
980 1307 1092 1360 tamen
1112 1315 1264 1382 appare·

201 1407 251 1460 ret
268 1408 341 1460 nter
357 1407 446 1460 esset
463 1395 651 1469 insidiator,
671 1407 745 1460 uter
765 1397 849 1460 nihil
874 1396 1041 1484 cogitaret
1065 1396 1162 1471 mali,
1182 1416 1262 1459 cum

202 1497 286 1560 alter
301 1498 483 1560 veheretur
499 1496 534 1560 in
552 1498 656 1561 raeda
673 1498 890 1580 paenulatos,
910 1518 978 1560 una
998 1497 1134 1562 sederet
1158 1517 1260 1560 uxor.

202 1595 298 1681 Qid
323 1597 444 1660 horum
469 1618 538 1660 non
562 1596 885 1681 impeditissimum?
911 1597 1050 1662 vestitus
1075 1618 1120 1660 an
1144 1595 1263 1660 vehic-

201 1699 295 1760 ulum
325 1718 369 1760 an
397 1693 536 1760 comes?
598 1694 694 1780 Qid
722 1697 834 1762 minus
867 1710 1061 1782 promptum
1093 1698 1140 1762 ad
1174 1717 1262 1782 pug-
1338 1719 1339 1723 ¹

149 1818 294 1882 15nam‚
322 1818 400 1860 cum
430 1797 578 1880 paenula
607 1796 772 1870 inretitus,
800 1797 905 1862 raeda
930 1797 1127 1881 impeditus,
1152 1817 1261 1860 uxore

202 1918 311 1980 paene
332 1896 533 1961 constrictus
553 1894 664 1960 esset?
710 1894 834 1960 Videle
859 1917 950 1960 nunc
975 1895 1083 1970 illum,
1108 1897 1261 1982 primum
1338 1910 1339 1931 ¹

172 1997 436 2083 =egredientem
461 2018 479 2059 e
503 1995 600 2070 villa,
624 1995 755 2060 subito:
789 1994 871 2060 cur?
907 1995 1062 2080 vesperi:
1092 1995 1179 2081 quid
1205 2016 1262 2058 ne·

201 2119 297 2160 cesse
321 2093 394 2159 est?
425 2096 541 2160 tarde:
570 2095 628 2180 qui
653 2096 823 2170 convenit,
846 2094 1044 2180 praesertim
1067 2095 1103 2159 id
1127 2107 1262 2180 tempo-
1337 2155 1338 2178 ἶ

201 2194 269 2260 ris?
318 2195 470 2259 Devertit
485 2195 520 2258 in
537 2194 655 2258 villam
672 2194 828 2280 Pompei.
877 2193 1079 2280 Pompeium
1104 2207 1141 2258 ut
1165 2194 1261 2258 vide·
1336 2235 1338 2274 j

147 2294 273 2362 aoret?
305 2295 435 2360 sciebat
459 2294 492 2358 in
516 2292 668 2358 Alsiensi
695 2317 792 2359 esse:
824 2294 941 2358 villam
966 2305 1003 2358 ut
1027 2291 1260 2378 perspiceret?
1337 2289 1338 2320 ³

204 2395 336 2459 miliens
356 2395 389 2457 in
411 2415 452 2458 ea
472 2395 593 2458 luerat.
645 2391 741 2480 Quid
762 2415 847 2482 ergo
871 2393 964 2458 erat?
996 2415 1111 2458 morae
1136 2405 1171 2457 et
1196 2405 1260 2458 ter-

201 2495 470 2582 giversationes:
516 2495 599 2558 dum
634 2493 692 2558 hic
731 2493 874 2568 veniret,
911 2495 1024 2559 locum
1065 2493 1260 2580 relinquere

203 2596 322 2670 noluit.

247 2715 322 2758 xxr.
347 2712 391 2758 55.
415 2692 495 2781 Age
520 2715 633 2767 nunc3
658 2692 720 2758 iter
736 2693 884 2778 expediti
902 2693 1041 2758 latronis
1058 2714 1135 2758 cum
1153 2692 1259 2756 Milo·

148 2813 181 2868 25
203 2795 254 2860 nis
272 2794 525 2879 impedimentis
542 2803 750 2877 comparate.
801 2792 947 2878 Semper
971 2792 1028 2857 ille
1053 2805 1152 2857 antea
1178 2815 1257 2858 cum
1336 2829 1337 2832 =

204 2917 322 2968 uxore,
341 2908 411 2958 tum
435 2891 509 2958 sine
534 2914 596 2968 ea3
629 2915 818 2978 numquam
842 2891 907 2956 nisi
931 2891 965 2955 in
990 2893 1108 2968 raeda,
1126 2903 1199 2957 tum
1223 2893 1256 2955 in

203 3017 311 3080 equo;
341 2994 482 3058 comites
507 2992 684 3066 Graeculi,
705 3012 921 3078 quocumque
946 2991 1027 3065 ibat,
1049 2993 1151 3056 etiam
1176 3013 1255 3057 cum

203 3094 237 3156 in
254 3105 365 3158 castra
382 3091 527 3156 Etrusca
545 3091 761 3177 properabat,
777 3103 847 3155 tum
862 3112 1032 3178 nugarum
1045 3090 1080 3155 in
1094 3091 1255 3157 comitatu

192 3191 300 3258 nihil.
349 3192 449 3268 Milo,
468 3193 525 3278 qui
543 3214 745 3278 numquam,
763 3203 833 3256 tum
851 3213 934 3256 casu
951 3213 1075 3278 pueros
1092 3193 1254 3278 sympho-

149 3311 184 3366 30
204 3295 320 3358 niacos
337 3293 452 3358 uxoris
470 3293 618 3358 ducebat
634 3306 667 3358 et
687 3291 888 3358 ancillarum
914 3314 1050 3379 greges.
1101 3291 1177 3367 Ille,
1196 3291 1252 3379 qui

203 3415 339 3478 semper
362 3415 478 3458 secum
504 3407 629 3469 scorta,
648 3416 785 3479 semper
809 3394 973 3468 exoletos,
995 3414 1131 3479 semper
1154 3393 1252 3479 lupas

203 3493 354 3565 duceret,
381 3504 453 3556 tum
482 3492 668 3568 neminem,
691 3495 755 3559 nisi
784 3507 820 3558 ut
843 3494 952 3559 virum
980 3514 999 3557 a
1027 3494 1100 3558 viro
1128 3494 1250 3559 lectum
1335 3506 1336 3582 Τ

203 3613 278 3656 esse
295 3591 438 3656 diceres.
489 3591 561 3658 Cur
580 3594 684 3680 igitur
702 3595 810 3660 victus
835 3593 905 3661 est?
955 3593 1047 3677 Qia
1071 3616 1141 3660 non
1165 3617 1251 3660 sem·

204 3711 263 3774 per
275 3688 384 3755 viator
397 3712 417 3754 a
431 3693 573 3764 latrone,
589 3714 657 3756 non
671 3715 857 3780 numquam
871 3695 972 3759 etiam
991 3695 1076 3760 latro
1093 3715 1112 3759 a
1125 3695 1248 3760 viatore

150 3802 184 3860 35
202 3789 388 3854 occiditur:
418 3790 511 3873 quia,
532 3810 740 3876 quamquam
764 3806 903 3877 paratus
919 3794 954 3859 in
972 3793 1156 3878 imparatos
1173 3793 1249 3860 Clo·

203 3887 292 3964 dius,
320 3900 433 3952 tamen
460 3887 580 3949 mulier
605 3888 771 3955 inciderat
793 3891 828 3955 in
851 3894 953 3957 viros.
1002 3910 1048 3958 55.
1071 3891 1149 3960 Nec
1172 3915 1249 3960 vero
