2714 4266
118 193 232 264 1v.1o.]
381 194 477 262 How
501 195 543 262 ke
566 195 680 260 thinks
704 203 738 260 to
760 140 989 289 Escapes
1138 213 1179 278 27

118 407 285 462 structum
310 396 345 460 in
365 395 533 484 judicium
549 395 681 472 venire,
700 406 736 461 ut
760 417 828 460 non
853 396 955 462 modo
979 397 1015 463 in
1038 399 1177 465 auribus

116 498 253 572 vestris,
272 499 333 562 sed
351 497 384 560 in
402 497 510 561 oculis
532 497 699 569 omnium,
718 517 781 560 sua
806 495 894 560 suna
919 510 1020 584 atque
1045 499 1177 587 flagitia

118 598 296 662 defixurus
336 597 413 662 sim.
461 597 565 660 Videt
603 608 777 660 senatores
818 598 942 662 multos
981 621 1056 664 esse
1084 602 1177 665 testis

119 697 287 762 audaciae
301 718 405 771 suae3
423 697 515 761 videt
533 696 654 760 multos
672 696 802 781 equites
820 697 1000 764 Romanos
1018 699 1175 786 frequen-

116 796 163 861 tis
186 810 362 882 praeterea
387 797 470 860 civis
496 809 596 881 atque
625 795 750 871 socios,
777 799 900 883 quibus
929 799 1001 882 ipse
1030 799 1176 886 insignis
1208 815 1225 874 ς

117 896 262 984 injurias
285 896 415 962 fecerit.
464 895 570 961 Videt
594 895 696 961 etiam
721 908 859 963 tottam
885 899 1001 984 gravis
1025 900 1068 964 ab
1093 901 1177 963 ami·

118 996 266 1062 cissimis
298 995 490 1061 civitatibus
518 996 721 1084 legationes,
748 1019 827 1063 cum
856 999 1001 1084 publicis
1031 1000 1176 1064 auctori·

118 1097 246 1162 tatibus
284 1096 498 1162 convenisse.
547 1112 575 1158 ⁸.
600 1096 702 1182 Qae
741 1119 818 1163 curn
858 1099 904 1162 ita
948 1099 1027 1174 sint,
1069 1120 1176 1186 usque

118 1218 162 1263 eo
187 1198 230 1263 de
251 1197 409 1300 orqnibus
430 1196 530 1262 bonis
553 1200 642 1264 male
666 1198 853 1276 existimat,
884 1221 991 1284 usque
1014 1221 1055 1264 eo
1077 1220 1177 1264 sena·

118 1296 206 1362 toria
226 1295 357 1385 judicia
381 1299 514 1383 perdita
538 1297 787 1385 profligataque
815 1319 890 1363 esse
918 1299 1114 1372 arbitratur,
1141 1311 1177 1364 ut
1194 1320 1224 1357 10

119 1397 187 1460 hoc
200 1397 315 1480 palam
330 1397 470 1472 dictitet,
485 1421 553 1463 non
567 1399 641 1462 sine
655 1418 758 1462 causa
773 1419 810 1462 se
827 1399 991 1482 cupidum
1010 1399 1176 1483 pecuniae

118 1495 239 1569 fuisse,
254 1496 417 1582 quoniam
435 1498 469 1562 in
488 1498 634 1583 pecunia
651 1509 781 1564 tantum
796 1498 1004 1582 praesidium
1020 1499 1176 1583 experia-

118 1608 176 1660 tur
200 1617 295 1662 esse:
329 1619 404 1662 sese
431 1598 484 1684 (id
509 1599 599 1684 quod
624 1599 861 1663 difficillimum
888 1597 1005 1682 suerit)
1043 1611 1177 1683 tempus

119 1695 234 1781 ipsum
267 1697 392 1763 emisse
420 1699 526 1786 judici
549 1698 625 1773 sui,
651 1720 719 1784 quo
751 1710 863 1762 cetera
895 1698 1030 1763 facilius
1062 1720 1176 1763 emere

119 1808 241 1882 postea
257 1810 392 1882 posset3
416 1812 463 1872 ut,
478 1799 639 1884 quoniam
658 1797 838 1862 criminum
852 1798 921 1861 vim
939 1797 1175 1885 subterfugere
1194 1820 1223 1872 ις

119 1897 218 1962 nullo
235 1900 336 1963 modo
353 1911 496 1984 poterat,
512 1899 696 1983 procellam
714 1897 876 1983 temporis
893 1898 1068 1962 devitaret.

167 2012 196 2058 a.
221 1996 325 2081 Quod
350 1999 378 2064 si
402 2021 471 2064 non
492 1999 592 2064 modo
610 1999 644 2062 in
662 2019 780 2072 causa,
797 2020 917 2064 verum
934 1999 967 2062 in
987 2000 1099 2086 aliquo
1116 2001 1178 2064 ho·

120 2109 220 2163 nesto
240 2099 423 2184 praesidio,
443 2110 501 2163 aut
522 2099 557 2162 in
582 2098 726 2186 alicujus
751 2098 944 2184 eloquentia
969 2111 1027 2163 aut
1050 2099 1176 2185 gratia,

120 2221 219 2284 spem
249 2199 400 2285 aliquam
428 2200 652 2272 conlocasset,
679 2197 829 2282 profecto
858 2220 925 2262 non
951 2199 1177 2263 haecomnia

121 2299 313 2386 conligeret
329 2311 430 2385 atque
453 2310 701 2383 aucuparetur3
732 2319 800 2361 non
825 2319 933 2384 usque
958 2319 998 2362 eo
1023 2298 1177 2382 despice·
1191 2321 1223 2357 20

119 2411 174 2463 ret
197 2411 496 2486 contemneretque
520 2399 675 2463 ordinem
704 2398 924 2472 senatorium,
951 2409 988 2461 ut
1016 2398 1176 2463 arbitratu

121 2498 197 2586 ejus
221 2500 429 2586 deligeretur
453 2521 497 2563 ex
522 2509 655 2573 senatu,
680 2497 737 2583 qui
762 2519 840 2562 reus
863 2497 978 2571 fieret3
1003 2498 1074 2583 qui,
1093 2498 1175 2562 dum

121 2600 180 2663 hic
217 2621 305 2686 quae
342 2622 428 2685 opus
465 2609 580 2664 essent
616 2609 843 2682 compararet,
873 2618 1014 2661 causam
1047 2598 1177 2662 interea

122 2711 201 2764 ante
233 2721 312 2764 eum
345 2699 484 2764 diceret.
532 2715 575 2762 ιο.
601 2696 738 2781 Qubus
770 2719 836 2784 ego
868 2698 969 2761 rebus
1000 2697 1081 2783 quid
1113 2697 1176 2762 iste

123 2812 247 2885 speret,
286 2812 319 2864 et
353 2822 420 2886 quo
456 2798 609 2864 animum
649 2798 814 2872 intendat,
852 2796 952 2861 facile
992 2797 1172 2882 perspicio.
1188 2819 1220 2872 ²5

126 2906 241 2988 Quam
262 2902 307 2967 ob
323 2923 396 2966 rem
412 2921 494 2966 vero
511 2921 547 2964 se
566 2899 715 2963 confidat
731 2897 861 2983 aliquid
879 2898 1042 2982 perficere
1060 2919 1174 2982 posse,

122 3002 189 3067 hoc
205 2996 373 3088 praetore,
391 3013 424 3066 et
441 3002 507 3065 hoc
528 2999 684 3072 consilio,
703 2998 904 3084 intellegere
929 3019 996 3061 non
1022 3020 1172 3082 possum.

121 3107 240 3170 Unum
253 3103 338 3168 illud
351 3102 514 3187 intellego
530 3100 640 3186 (quod
655 3099 801 3182 populus
819 3097 1000 3162 Romanus
1017 3098 1051 3160 in
1070 3099 1176 3186 rejec-

117 3205 212 3268 tione
224 3203 379 3292 judicum
393 3201 594 3290 judicavit),
610 3221 651 3262 ea
669 3220 729 3284 spe
747 3198 848 3262 istum
862 3197 966 3262 luisse
984 3199 1174 3282 praeditum

122 3316 159 3368 ut
189 3326 325 3370 omnem
357 3303 522 3367 rationem
555 3300 674 3366 salutis
705 3299 740 3362 in
764 3299 911 3383 pecunia
936 3299 1220 3374 constitueret330

121 3405 189 3468 hoc
212 3415 328 3489 erepto
353 3401 536 3489 praesidio,
563 3412 598 3465 ut
626 3400 757 3464 nullam
785 3398 848 3464 sibi
877 3419 949 3462 rem
979 3398 1175 3486 adjumento

122 3498 193 3568 sore
211 3505 442 3570 arbitraretur.

167 3623 217 3668 ιν.
244 3605 379 3670 Etenim
405 3603 495 3688 quod
520 3613 573 3666 est
595 3599 771 3688 ingenium
797 3610 942 3672 tantum,
967 3619 1056 3684 quae
1080 3612 1173 3664 tanta

121 3701 266 3770 facultas
289 3705 424 3768 dicendi
447 3716 505 3766 aut
527 3701 638 3786 copia,
657 3722 746 3787 quae
768 3700 864 3764 istius
880 3701 998 3770 vitam,
1018 3711 1064 3763 tot
1086 3700 1173 3764 vitiis

121 3805 333 3891 flagitiisque
360 3803 564 3875 convictam,
587 3801 792 3888 jampridem
822 3801 975 3865 omnium
1000 3800 1172 3864 voluntate
1188 3820 1219 3874 35

120 3905 315 3991 judicioque
344 3904 556 3977 damnatam,
582 3901 698 3976 aliqua
726 3921 769 3964 ex
798 3911 894 3984 parte
922 3899 1029 3985 possit
1056 3899 1173 3964 defen·
