2714 4266
98 186 211 256 v·11·]
325 185 478 254 Earlz'er
506 187 663 254 Conduct
686 190 734 274 ff
754 190 812 255 the
845 187 940 254 War.
1117 191 1157 258 61

151 409 202 454 ιν.
228 404 256 451 a.
282 387 499 455 Mithridates
517 402 630 455 autem
647 412 748 456 omne
763 391 932 478 reliquum
944 403 1079 477 tempus
1092 413 1169 457 non.

96 491 151 556 ad
168 490 374 557 oblivionem
387 491 511 554 veteris
528 490 622 566 belli,
638 492 698 555 sed
716 491 761 554 ad
777 493 1068 576 comparationem
1082 490 1160 556 novi

96 591 267 655 contulit:
288 589 345 675 qui
361 588 515 678 [postea]
531 611 610 654 cum
625 591 794 654 maximas
812 591 1027 656 aedificasset
1042 613 1161 656 ornas-

95 703 224 777 setque
249 690 369 756 classis
393 691 631 776 exercitusque
657 711 865 778 permagnos
889 691 1161 778 quibuscumque

96 813 150 854 ex
174 791 334 876 gentibus
361 789 527 874 potuisset
554 802 799 874 comparasset,
826 801 859 854 et
886 812 922 854 se
952 789 1160 874 Bosporanis
1189 814 1205 868 5

96 890 256 954 finitimis
273 889 343 954 suis
359 889 489 954 bellum
506 888 631 953 inferre
648 889 836 964 simularet,
856 912 963 977 usque
980 891 1015 954 in
1035 889 1161 976 Hispa·

95 991 199 1054 niam
216 989 350 1076 legatos
367 1009 408 1056 ac
424 989 555 1053 litteras
573 988 662 1063 misit
678 989 722 1054 ad
742 1010 803 1054 eos
826 991 931 1054 duces
955 990 1159 1076 quibuscum

95 1081 176 1154 tum
202 1090 330 1154 bellum
355 1090 576 1178 gerebamus
597 1101 646 1164 ut,
672 1110 751 1153 cum
776 1089 909 1154 duobus
930 1090 966 1153 in
988 1089 1072 1155 locis
1092 1090 1160 1154 dis-

104 1189 336 1278 junctissimis
357 1189 575 1276 maximeque
595 1188 739 1254 diversis
763 1209 832 1254 uno
857 1189 1000 1254 consilio
1024 1209 1045 1254 a
1071 1189 1159 1254 binis

98 1290 254 1354 hostium
283 1289 391 1374 copiis
418 1289 547 1354 bellum
575 1301 664 1353 terra
694 1289 848 1376 marique
880 1300 1069 1376 gereretur,
1098 1308 1160 1355 vos
1173 1317 1216 1354 101

99 1389 246 1475 ancipiti
279 1389 495 1454 contentione
526 1388 666 1474 districti
694 1389 737 1453 de
765 1389 910 1474 imperio
937 1389 1157 1454 dimicaretis.

97 1507 147 1553 ιο.
173 1489 244 1555 Sed
275 1501 391 1554 tamen
420 1489 558 1555 alterius
583 1489 687 1575 partis
712 1490 916 1574 periculum,
940 1487 1159 1554 Sertorianae

99 1602 208 1677 atque
227 1589 480 1676 Hispaniensis,
499 1610 588 1677 quae
605 1590 712 1654 multo
729 1590 806 1675 plus
823 1588 1028 1653 firmamenti
1045 1608 1087 1653 ac
1106 1611 1159 1654 ro·

100 1691 198 1756 boris
223 1687 382 1764 habebat,
408 1688 475 1754 Cn.
500 1689 642 1774 Pompei
668 1689 783 1754 divino
808 1690 951 1755 consilio
975 1710 1016 1753 ac
1040 1688 1159 1776 singu·

100 1789 170 1855 lari
193 1792 313 1854 virtute
338 1790 518 1875 depulsum
544 1803 615 1864 est;
634 1790 682 1854 in
705 1791 811 1854 altera
829 1800 925 1876 parte
940 1789 986 1853 ita
1002 1810 1058 1855 res
1074 1810 1094 1852 a
1111 1788 1155 1852 L.
1173 1815 1204 1868 ις

100 1890 255 1956 Lucullo
283 1911 416 1955 summo
446 1891 517 1954 viro
546 1901 596 1955 est
628 1890 876 1966 administrata,
906 1902 942 1956 ut
971 1889 1068 1954 initia
1099 1889 1158 1954 illa

101 2013 219 2056 rerum
244 2002 419 2078 gestarum
445 2011 573 2078 magna
598 2003 699 2077 atque
720 1991 898 2075 praeclara
919 2011 986 2055 non
1007 1989 1157 2055 felicitati

102 2094 193 2182 ejuS,
220 2092 281 2157 sed
309 2090 435 2164 virtuti,
466 2090 554 2154 haec
585 2067 699 2154 anterii
732 2103 898 2165 extrema,
928 2111 1017 2177 qnae
1049 2111 1159 2174 nuper

103 2192 316 2267 acciderunt,
342 2212 411 2255 non
437 2191 576 2275 eulpae,
603 2190 664 2255 sed
692 2189 847 2255 fortunae
875 2190 1055 2255 tribuenda
1082 2209 1158 2253 esse

103 2293 295 2359 videantur.
329 2291 339 2362 l
357 2290 428 2356 Sed
460 2291 503 2355 de
536 2290 684 2356 Lucullo
708 2290 822 2355 dicam
847 2291 914 2355 alio
938 2292 1027 2365 loco,
1053 2300 1086 2354 et
1113 2289 1203 2352 ita20

103 2395 234 2467 dicam,
257 2391 424 2477 Quirites,
451 2402 487 2456 ut
511 2413 622 2477 neque
647 2412 728 2454 vera
752 2393 827 2456 laus
851 2393 882 2457 ei
907 2392 1059 2455 detracta
1082 2411 1159 2453 ora-

103 2496 195 2560 tione
225 2514 301 2558 mea
329 2513 440 2578 neque
469 2492 556 2555 salsa
585 2491 709 2555 adficta
741 2511 817 2555 esse
848 2491 1024 2554 videatur:
1055 2506 1092 2553 ιι.
1115 2491 1159 2554 de

104 2593 206 2658 vestri
235 2593 356 2679 imperi
383 2592 549 2678 dignitate
574 2604 675 2678 atque
700 2589 1036 2678 gloria-quoniam
1060 2589 1088 2654 is
1108 2603 1160 2656 est

104 2717 249 2760 exorsus
273 2691 434 2758 orationis
460 2691 735 2756 meae-videte
759 2713 862 2778 quem
886 2691 982 2755 vobis
1004 2689 1158 2754 animum

105 2794 361 2880 suscipiendum
387 2793 522 2877 putetis.
1170 2815 1202 2867 ²5

150 2917 184 2959 v.
212 2893 364 2982 Majores
388 2893 493 2956 nostri
517 2913 622 2978 saepe
647 2893 890 2956 mercatoribus
911 2902 968 2956 aut
984 2889 1159 2955 navicula-

105 2997 164 3060 riis
177 2994 300 3059 nostris
317 2992 512 3080 injuriosius
529 2992 678 3056 tractatis
695 2992 786 3056 bella
803 3002 1002 3079 gesserunt:
1024 3013 1097 3065 VOS,
1112 3001 1160 3054 tot

106 3095 243 3158 milibus
257 3093 382 3158 civium
398 3093 635 3156 Romanorum
653 3113 722 3156 uuo
739 3093 856 3156 nuntio
873 3105 972 3178 atque
991 3113 1058 3156 uno
1075 3101 1159 3155 tem·

105 3217 187 3280 pore
204 3193 346 3269 necatis,
365 3214 433 3278 quo
449 3193 587 3256 tandem
607 3193 721 3256 animo
738 3214 813 3256 esse
833 3190 985 3256 debetis?
1033 3190 1158 3278 Legati

106 3295 198 3381 quod
214 3305 310 3357 erant
327 3293 489 3378 appellati
503 3293 696 3377 superbiuS,
711 3290 915 3356 Corinthum
929 3304 1042 3376 patres
1055 3291 1157 3355 vestri
1171 3317 1203 3365 30

105 3395 206 3459 totius
226 3392 394 3458 Graeciae
415 3393 531 3456 lumen
552 3393 755 3456 exstinctum
776 3413 851 3456 esse
871 3393 1070 3456 voluerunt:
1097 3413 1157 3458 vos

13 3577 17 3584 .
106 3517 184 3558 eum
202 3514 319 3580 regem
338 3493 482 3556 inultum
500 3515 575 3556 esse
592 3493 780 3578 patiemini,
795 3495 853 3582 qui
871 3495 1022 3582 legatum
1041 3495 1157 3581 populi

85 3589 91 3600 '
107 3593 257 3658 Romani
275 3594 490 3658 consularem
510 3593 655 3660 vinculis
673 3615 714 3658 ac
730 3597 929 3660 verberibus
947 3609 1047 3681 atque
1064 3596 1157 3660 omni

108 3693 274 3778 supplicio
300 3693 533 3757 excruciatum
560 3692 717 3758 necavit?
763 3694 817 3759 Illi
838 3697 1026 3760 libertatem
1047 3696 1158 3761 immi·

108 3805 223 3857 nutam
243 3792 368 3857 civium
389 3792 626 3856 Romanorum
645 3816 712 3858 non
730 3796 898 3860 tulerunt:
928 3817 988 3859 vos
1005 3808 1156 3880 ereptam
1173 3817 1204 3868 35

107 3893 210 3958 vitam
235 3889 450 3980 neglegetis?
491 3891 555 3977 Jus
579 3893 761 3979 legationis
785 3895 889 3960 verbo
918 3895 1080 3959 violatum
1109 3895 1156 3960 illi
