2668 4262
230 218 273 282 82
455 217 633 305 Pompey's
656 217 823 303 Mr'lz'lary
853 216 1052 282 Command.
1154 211 1282 282 [MANH-
1324 211 1325 276 Ξ

230 419 273 482 ad
290 418 417 482 bellum
435 416 626 481 Asiaticum
646 419 848 504 regiumque
866 417 1024 481 mittatur.
1055 434 1101 481 st.
1125 416 1281 501 Ecquam
1324 425 1325 428 ’

231 519 354 603 putatis
386 519 556 582 civitatem
590 532 748 602 pacatam
780 518 883 582 luisse
916 539 1004 602 quae
1037 519 1193 602 locuples
1223 515 1281 579 sit?

230 639 373 704 ecquam
399 641 473 682 esse
500 619 702 701 locupletem
727 639 815 703 quae
836 617 907 681 istis
928 630 1050 702 pacata
1071 639 1147 682 esse
1169 617 1283 679 videa·
1324 611 1325 628 ¹

229 718 304 782 tur?
351 717 422 782 Ora
448 718 629 789 maritima,
650 716 815 799 Quirites,
835 716 901 781 Cn.
923 716 1125 801 Pompeium
1145 739 1216 780 non
1234 739 1283 780 so-

199 820 300 893 slum
330 832 467 902 propter
495 818 543 881 rei
571 817 724 880 militaris
748 817 908 902 gloriam,
933 817 993 881 sed
1018 817 1120 880 etiam
1146 829 1283 900 propter

230 919 334 981 animi
368 918 609 982 continentiam
642 917 830 1002 requisivit.
879 916 1029 981 Videbat
1060 917 1151 980 enim
1186 937 1284 1000 prae-

228 1031 318 1082 tores
351 1019 547 1103 locupletari
581 1030 661 1102 quot
688 1017 787 1081 annis
815 1018 961 1101 pecunia
986 1017 1123 1101 publica
1149 1031 1284 1101 praeter

230 1139 379 1202 paucos;
413 1141 523 1204 neque
544 1140 602 1182 eos
622 1117 806 1202 quicquam
827 1118 918 1180 aliud
942 1117 1097 1202 adsequi,
1119 1117 1300 1180 classium·

230 1220 381 1292 nomine,
408 1219 471 1282 nisi
496 1231 532 1283 ut
555 1218 765 1283 detrimentis
790 1217 1000 1301 accipiendis
1026 1217 1154 1304 majore
1180 1215 1282 1280 adfici

183 1339 214 1374 10
230 1319 437 1402 turpitudine
462 1319 667 1382 videremur.
717 1317 821 1381 Nunc
837 1337 903 1403 qua
922 1317 1106 1400 cupiditate
1124 1311 1282 1380 liomines

230 1419 265 1482 in
284 1419 487 1502 provincias,
512 1419 635 1504 quibus
656 1418 797 1504 jacturis
819 1431 851 1482 et
875 1417 997 1503 quibus
1022 1416 1282 1481 condicionibus

231 1520 500 1603 proficiscantur,
520 1519 679 1604 ignorant
703 1518 861 1582 videlicet
878 1519 943 1591 isti,
962 1519 1019 1604 qui
1038 1518 1081 1581 ad
1100 1539 1206 1580 unum
1226 1519 1282 1580 de·

208 1651 211 1655 ·
230 1619 371 1683 ferenda
388 1619 503 1682 omnia
520 1639 595 1681 esse
613 1639 681 1681 non
700 1617 924 1681 arbitrantur?
972 1617 1083 1700 Quasi
1109 1639 1192 1682 vero
1218 1616 1281 1681 Cn.

231 1717 432 1803 Pompeium
457 1741 524 1782 non
550 1738 628 1781 cum
653 1718 722 1782 suis
747 1718 923 1781 virtutibus
945 1730 1015 1781 turn
1037 1721 1138 1780 etiam
1160 1717 1281 1781 alienis

185 1839 213 1888 15
232 1819 318 1882 vitiis
338 1840 501 1904 magnum
519 1840 594 1881 esse
608 1819 797 1881 videamus.
846 1834 892 1880 ss.
918 1817 997 1900 Qua
1015 1839 1050 1880 re
1068 1817 1171 1881 nolite
1184 1819 1282 1881 dubi·

229 1931 301 1982 tare
319 1919 399 2003 quin
419 1918 498 1980 lruic
516 1917 572 1980 uni
594 1917 740 1981 credatis
760 1918 889 1991 omnia,
908 1919 964 2003 qui
991 1918 1077 1981 inter
1101 1931 1148 1982 tot
1173 1937 1282 1981 annos

230 2040 318 2082 unus
336 2019 492 2081 inventus
509 2017 563 2090 sit,
579 2039 679 2102 quem
698 2017 780 2081 socii
798 2018 831 2081 in
850 2019 941 2082 urbis
958 2039 1038 2082 suas
1055 2038 1133 2081 cum
1152 2018 1283 2082 exerci-

230 2132 265 2182 tu
283 2118 418 2182 venisse
436 2118 623 2203 gaudeant.

278 2217 380 2300 Quod
406 2218 433 2281 si
459 2217 713 2282 auctoritatibus
735 2219 825 2282 hanc
843 2239 996 2292 causam,
1016 2217 1181 2301 Quirites,
1202 2240 1284 2282 con-

181 2337 213 2370 20
231 2319 433 2382 firmandam
456 2318 592 2402 putatiS,
612 2330 662 2382 est
683 2319 777 2383 vobis
802 2332 919 2383 auctor
943 2320 993 2382 vir
1016 2320 1184 2384 bellorum
1211 2341 1283 2383 om·

232 2420 323 2482 nium
344 2419 638 2503 maximarumque
656 2441 767 2482 rerum
786 2420 1022 2504 peritissimus
1043 2419 1082 2482 P.
1099 2419 1281 2491 Servilius,

232 2520 327 2607 cujus
355 2531 467 2582 tantae
496 2541 549 2582 res
578 2532 695 2604 gestae
720 2532 807 2583 terra
834 2521 986 2606 marique
1011 2520 1225 2594 exstiterunt,
1248 2533 1282 2582 ut

232 2642 309 2684 cum
334 2620 376 2683 de
401 2620 491 2682 bello
516 2620 721 2693 deliberetis,
744 2634 861 2684 auctor
889 2621 984 2685 vobis
1012 2620 1151 2707 gravior
1181 2642 1281 2683 nemo

231 2743 306 2785 esse
335 2720 477 2792 debeat;
507 2732 557 2783 est
581 2719 623 2784 C.
651 2719 769 2795 Curio,
794 2721 936 2784 summis
961 2720 1080 2784 vestris
1104 2721 1282 2784 beneficiis

181 2839 211 2889 25
231 2820 457 2904 maximisque
474 2821 574 2883 rebus
592 2821 709 2906 gestis,
729 2842 862 2884 summo
879 2820 1019 2907 ingenio
1044 2833 1076 2884 et
1101 2821 1281 2904 prudentia

231 2920 423 3005 praeditus;
450 2934 500 2983 est
512 2919 579 2984 Cn.
595 2919 775 2993 Lentulus,
791 2921 824 2982 in
842 2942 909 3004 quo
927 2941 1046 2984 omnes
1063 2941 1125 3004 pro
1142 2921 1281 3004 amplis·

231 3022 324 3086 simis
350 3020 468 3084 vestris
493 3020 677 3084 honoribus
702 3021 873 3083 summum
894 3020 1087 3094 consilium,
1110 3041 1279 3083 summam

230 3121 431 3208 gravitatem
447 3141 521 3184 esse
535 3120 742 3206 cognovistis
756 3141 763 3192 3
787 3132 838 3182 est
848 3118 890 3183 C.
905 3118 1060 3192 CassiuS,
1073 3119 1279 3206 integritate,

230 3221 363 3293 virtute,
383 3221 571 3282 constantia
589 3218 768 3306 singulari.
821 3217 901 3300 Qa
918 3240 954 3283 re
971 3219 1082 3282 videte
1099 3230 1135 3282 ut
1159 3219 1280 3284 horum

181 3339 212 3387 30
231 3319 485 3384 auctoritatibus
502 3321 638 3383 illorum
654 3318 810 3393 orationi,
829 3319 886 3404 qui
908 3318 1121 3394 dissentiunt,
1141 3340 1280 3404 respon·

230 3421 311 3485 dere
329 3441 428 3504 posse
445 3419 635 3483 videamur.

275 3541 377 3584 xxiv.
403 3538 450 3584 uu.
475 3519 577 3604 Qae
606 3538 684 3582 cum
712 3517 759 3582 ita
787 3519 865 3590 sint,
895 3517 937 3583 C.
969 3519 1105 3594 Manili,
1133 3520 1278 3604 primum

231 3622 328 3684 istam
347 3634 439 3684 tuam
458 3633 490 3683 et
507 3621 620 3703 legem
639 3629 671 3680 et
683 3619 891 3681 voluntatem
910 3631 942 3681 et
958 3619 1160 3682 sententiam
1178 3620 1279 3684 laudo

230 3718 597 3800 vehementissimeque
626 3718 831 3798 comprobo:
873 3717 996 3780 deinde
1023 3730 1056 3780 te
1089 3719 1215 3793 hortor,
1246 3731 1280 3783 ut

182 3831 368 3885 ssauctore
402 3817 527 3899 populo
561 3815 721 3876 Romano
754 3835 894 3878 maneas
922 3815 956 3877 in
984 3817 1166 3890 sententia,
1194 3840 1279 3882 neve

231 3917 432 4000 cujusquam
450 3914 519 3975 vim
537 3923 594 3974 aut
610 3911 721 3974 minas
738 3913 969 3994 pertimescas.
1019 3913 1174 3980 Primum
1194 3917 1229 3982 in
1249 3932 1278 3982 te
1324 3989 1325 3996 χ
