2716 4266
231 223 297 295 204
589 207 747 295 Defence
768 209 818 296 os
837 207 942 276 ΜιἸο.
1177 207 1286 280 [Μῐῑθι

229 407 456 494 impulissent,
484 419 521 474 ut
545 409 649 475 homo
675 409 892 475 effeminatus
917 409 1142 476 fortissimum
1175 411 1287 476 virum

230 523 410 574 conaretur
425 511 595 585 occidere,
615 512 716 576 hodie
733 532 804 575 rern
826 511 999 595 publicam
1023 512 1157 576 nullam
1184 514 1288 578 habe-

230 611 321 673 retis.
369 627 418 674 so.
441 609 499 674 An
517 611 574 674 ille
591 623 739 695 praetor,
761 611 818 675 ille
836 631 916 676 vero
933 612 1068 686 consul,
1082 614 1169 678 -si
1189 615 1289 678 modo

231 711 318 774 haec
330 712 456 795 templa
471 723 571 796 atque
588 711 663 795 ipsa
682 711 817 775 moenia
835 723 924 775 stare
941 732 982 776 eo
999 712 1077 777 vivo
1089 727 1163 778 tam
1181 714 1245 778 diu
1261 726 1290 776 et

173 838 189 889 5
230 812 443 874 consulatum
468 810 542 897 ejus
566 824 766 894 exspectare
792 811 1117 895 potuissent,-ille
1137 814 1291 898 denique

230 911 328 974 vivus
345 910 425 974 mali
444 911 527 974 nihil
542 910 689 984 fecisset,
705 910 762 997 qui
781 923 946 988 mortuus,
962 935 1030 978 uno
1042 934 1086 978 ex
1100 916 1175 978 suis
1189 914 1291 978 satel-

230 1011 343 1075 litibus
371 1009 475 1098 [Sex.
503 1009 645 1098 Clodio]
674 1010 775 1086 duce,
794 1013 926 1076 curiam
954 1012 1169 1078 incenderit?
1209 1012 1291 1099 04¹⁰

229 1111 312 1196 quid
337 1110 506 1185 miserius,
521 1110 603 1196 quid
621 1111 792 1184 acerbius,
810 1113 895 1199 quid
911 1113 1096 1180 luctuosius
1114 1111 1292 1179 vidimus?

229 1209 416 1294 Templum
458 1210 657 1285 sanctitatis,
700 1212 947 1297 amplitudinis
988 1213 1124 1288 mentis,
1166 1213 1292 1279 consili

177 1343 211 1385 ro
230 1311 370 1395 publici,
397 1323 499 1395 caput
522 1310 629 1385 urbis,
651 1331 745 1375 aram
768 1312 951 1388 sociorum,
973 1325 1106 1399 portum
1131 1314 1292 1378 omnium

230 1411 399 1498 gentium,
428 1411 545 1475 sedern
579 1411 622 1476 ab
654 1412 815 1478 universo
843 1414 969 1498 populo
1001 1433 1206 1479 concessam
1233 1412 1292 1477 uni

230 1511 354 1584 ordini,
373 1510 591 1587 inflammari,
609 1512 778 1587 exscindi,
797 1512 983 1578 funestari?
1016 1535 1129 1599 neque
1153 1514 1192 1579 id
1217 1513 1291 1577 fieri

231 1631 251 1674 a
278 1610 491 1676 multitudine
509 1611 939 1698 imperita-quamquam
957 1626 1047 1678 esset
1063 1612 1231 1678 miserum
1258 1613 1290 1676 id

231 1711 343 1795 ipsum
355 1749 400 1760 -
413 1712 473 1777 sed
492 1714 536 1776 ab
552 1711 642 1777 uno?
682 1711 753 1796 Qui
771 1734 848 1777 cum
866 1726 995 1778 tanturn
1014 1733 1118 1778 ausus
1135 1713 1181 1778 sit
1198 1726 1290 1778 ustor

179 1838 209 1894 ¹5
233 1833 292 1895 pro
310 1825 455 1886 mortuo,
470 1813 552 1898 quid
569 1812 713 1900 signifer
729 1835 790 1896 pro
806 1813 885 1878 vivo
902 1835 970 1878 non
987 1824 1077 1878 esset
1093 1813 1227 1878 ausus?
1251 1813 1289 1876 In

231 1912 361 1975 curiam
379 1913 591 1997 potissimum
606 1913 740 2001 abjecit,
755 1925 792 1977 ut
806 1934 883 1978 eam
902 1924 1054 1978 mortuus
1071 1913 1286 1986 incenderet,

231 2035 333 2098 quam
352 2013 449 2078 vivus
465 2025 643 2078 everterat.
692 2030 735 2077 ⁹1.
760 2013 804 2078 Et
828 2026 907 2078 sunt
931 2013 989 2100 qui
1016 2015 1059 2079 de
1085 2013 1142 2077 via
1169 2012 1288 2099 Appia

229 2126 428 2200 querantur,
455 2125 591 2179 taceant
621 2115 665 2179 de
695 2113 812 2181 curia!
846 2125 880 2178 et
906 2114 963 2199 qui
992 2114 1036 2178 ab
1064 2133 1105 2178 eo
1132 2114 1288 2198 spirante

229 2214 339 2278 sorum
375 2226 494 2300 putent
533 2215 681 2299 potuisse
712 2214 863 2288 delendi,
897 2213 995 2301 cujus
1026 2235 1095 2278 non
1127 2215 1288 2278 restiterit

174 2333 209 2374 20
230 2314 389 2379 cadaveri
407 2313 523 2379 curial
571 2313 742 2388 Excitate,
760 2313 906 2378 excitate
930 2313 1055 2398 ipsum,
1074 2314 1103 2378 si
1127 2314 1285 2398 potestis,

229 2435 248 2477 a
276 2416 426 2480 mortuis.
477 2413 659 2502 Frangetis
684 2415 849 2499 impetum
875 2413 956 2488 vivi,
975 2412 1072 2501 cujus
1097 2413 1156 2476 vix
1184 2415 1287 2480 susti·

228 2516 314 2580 netis
340 2516 446 2581 surias
472 2514 655 2601 insepulti?
702 2514 779 2579 Nisi
801 2535 883 2579 vero
910 2513 1115 2578 sustinuistis
1140 2533 1201 2578 eos
1226 2515 1286 2601 qui

226 2635 304 2678 cum
338 2615 470 2680 facibus
502 2617 564 2680 ad·
583 2615 713 2679 curiam
748 2625 982 2688 cucurrerunt,
1016 2633 1095 2677 cum
1133 2613 1286 2678 falcibus

227 2717 270 2777 ad
294 2714 459 2788 Castoris,
485 2737 564 2780 cum
589 2715 715 2801 gladiis
736 2725 804 2779 toto
828 2714 901 2779 foro
924 2712 1120 2778 volitarunt.
1168 2712 1284 2779 Caedi

172 2827 205 2882 25
227 2815 355 2879 vidistis
373 2816 535 2900 populum
555 2816 768 2888 Romanum,
787 2813 980 2879 contionem
1005 2813 1131 2900 gladiis
1156 2813 1284 2878 distur-

225 2914 311 2987 bari,
345 2935 422 2979 cum
461 2915 635 2980 audiretur
675 2915 808 2981 silentio
849 2912 902 2977 M.
935 2911 1090 2988 Caelius,
1121 2913 1283 2980 tribunus

225 3014 346 3097 plebis,
366 3015 417 3077 vir
433 3027 465 3078 et
486 3015 519 3077 in
545 3037 581 3078 re
605 3016 744 3099 publica
769 3014 983 3087 fortissimus,
1002 3023 1036 3077 et
1058 3013 1093 3077 in
1116 3027 1281 3098 suscepta

224 3134 328 3178 causa
353 3113 580 3188 firmissimus,
599 3127 632 3179 et
656 3117 821 3180 bonorum
840 3112 1005 3178 voluntati
1028 3124 1062 3176 et
1085 3114 1279 3179 auctoritati

224 3227 361 3278 senatus
390 3214 536 3286 deditus,
555 3227 588 3278 et
615 3215 649 3278 in
679 3215 744 3279 hac
772 3213 914 3278 Milonis
943 3212 1015 3277 sive
1043 3211 1171 3278 invidia
1204 3214 1277 3278 sive.

169 3323 205 3379 30
223 3313 357 3378 fortuna
385 3313 565 3398 singulari,
594 3314 709 3379 divina
736 3327 769 3380 et
794 3313 985 3379 incredibili
1011 3313 1092 3378 fide.

268 3433 395 3477 xxm.
419 3415 561 3479 tta-Sed
590 3416 661 3502 jam
695 3415 776 3478 satis
808 3415 914 3478 multa
940 3414 983 3478 de
1009 3433 1135 3478 causa:
1176 3426 1272 3478 extra

223 3533 363 3577 causam
381 3515 483 3579 etiam
501 3515 601 3578 nimis
626 3515 767 3579 sortasse
793 3515 911 3578 multa.
962 3512 1056 3596 Quid
1080 3524 1184 3578 restat
1208 3515 1270 3580 nisi

222 3625 257 3675 ut
281 3635 375 3677 orem
402 3616 616 3699 obtesterque
647 3635 721 3687 vos,
747 3613 895 3702 judiceS,
914 3627 950 3678 ut
977 3635 1054 3677 earn
1084 3615 1271 3680 misericor-

221 3711 312 3775 diam
331 3714 484 3776 tribuatis
501 3714 681 3778 fortissimo
697 3714 782 3787 viro,
801 3733 903 3799 quam
922 3713 994 3797 ipse
1011 3735 1078 3779 non
1099 3714 1266 3799 implorat,

168 3817 202 3875 ³5
222 3831 288 3893 ego
320 3811 421 3872 etiam
453 3825 667 3896 repugnante
699 3813 764 3874 hoc
795 3823 828 3875 et
859 3811 1004 3896 imploro
1035 3825 1068 3877 et
1098 3815 1268 3900 exposco?
1333 3899 1334 3906 ἵ

222 3907 351 3982 Nolite,
379 3908 406 3972 si
434 3909 467 3972 in
497 3922 610 3973 nostro
637 3910 788 3974 omnium
817 3909 898 3973 fletu
930 3912 1058 3975 nullam
1092 3913 1267 3979 lacrimam
1333 3907 1334 3937 r
