2716 4266
208 231 270 303 192
557 215 716 303 quence
737 217 787 318 .⁰s
799 217 903 283 Milo.
1008 245 1010 254 ’
1132 215 1262 287 ῖὶΜῐῑῠ»

204 427 339 480 vatores
356 413 497 491 domini,
515 415 642 482 ultores
658 417 810 493 sceleris,
829 417 1025 504 defensores
1042 417 1151 484 necis.
1192 420 1262 485 Hic

205 537 286 581 vero
303 515 388 580 nihil
406 516 508 581 habet
523 516 557 579 in
577 515 628 581 his
646 518 745 582 malis
761 518 853 604 quod
871 519 983 583 minus
1000 520 1143 585 moleste
1159 521 1260 595 serat,

205 625 321 702 quam,
341 616 441 680 etiam
460 615 585 703 siquid
603 617 666 701 ipsi
684 618 830 693 accidat,
850 640 925 683 esse
943 631 1057 684 tameo
1074 621 1143 686 illis
1161 622 1263 686 meri-

205 730 274 781 tum
293 717 482 801 praemium
500 717 722 802 persolutum.
782 751 787 756 ·

151 842 167 898 ς
250 833 296 879 59.
320 815 390 881 Sed
407 818 624 903 quaestiones
641 828 765 904 urgent
781 817 964 895 Milonem,
983 841 1071 908 quae
1096 832 1176 886 sunt
1202 823 1264 885 ha-

204 921 294 984 bitae
311 918 453 982 nuncin
472 917 556 981 atrio
572 916 768 983 Libertatis.
819 917 1037 1004 Quibusnam
1060 922 1104 986 de
1128 920 1264 987 servis?

204 1017 331 1107 rogas?
362 1019 405 1084 de
429 1017 469 1083 P.
497 1017 608 1083 Clodi.
658 1016 747 1101 Quis
771 1039 830 1084 eos
859 1021 1061 1107 postulavit?
1106 1021 1262 1108 Appius.

206 1120 295 1208 Quis
327 1117 508 1207 produxit?
569 1117 717 1206 Appius.
782 1120 908 1187 Unde?
946 1123 990 1188 ab
1020 1121 1149 1208 Appio.
1218 1123 1263 1187 Di

203 1220 307 1287 bonil
339 1221 421 1310 quid
454 1229 563 1307 potest
594 1221 651 1308 agi
684 1220 860 1286 severius?
922 1221 995 1310 [De
1026 1223 1133 1288 servis
1165 1224 1265 1288 nulla

153 1354 185 1394 10
205 1325 283 1412 lege
300 1323 453 1410 quaestio
470 1323 571 1387 estin
589 1322 768 1387 dominum
785 1323 850 1388 nisi
866 1323 911 1388 de
927 1324 1070 1398 incestu,
1088 1333 1125 1388 ut
1142 1322 1208 1388 fuit
1229 1325 1265 1387 in

205 1423 400 1510 Clodium]
464 1421 626 1488 Proxime
654 1423 738 1488 deos
765 1422 911 1488 accessit
937 1421 1092 1498 Clodius,
1118 1424 1265 1510 propius

205 1546 308 1611 quam
336 1535 408 1588 tum
436 1545 513 1589 cum
543 1525 588 1590 ad
615 1523 708 1609 ipsos
731 1533 938 1607 penetrarat,
964 1523 1061 1611 cujus
1085 1524 1130 1588 de
1154 1535 1265 1588 morte

205 1637 379 1712 tamquam
397 1623 439 1688 de
457 1623 674 1688 caerimoniis
690 1623 824 1687 violatis
837 1622 1022 1710 quaeritur.
1057 1622 1129 1688 Sed
1145 1635 1265 1688 tamen

207 1725 352 1813 majores
369 1723 474 1788 nostri
487 1723 521 1788 in
535 1724 711 1789 dominum
726 1722 788 1811 [de
802 1723 919 1811 servo]
933 1723 1051 1809 quaeri
1064 1722 1263 1799 noluerunt,

156 1847 185 1901 ις
206 1847 274 1888 non
291 1824 372 1911 quin
390 1835 504 1909 posset
519 1846 638 1890 verum
656 1823 814 1897 inveniri,
833 1823 893 1888 sed
913 1823 994 1910 quia
1013 1823 1196 1888 videbatur
1214 1823 1266 1888 in·

206 1925 349 2011 dignum
367 1945 442 1988 esse
460 1935 492 1988 et
511 1923 677 2012 [domini]
699 1935 806 1989 morte
823 1923 898 2008 ipsa
913 1923 1052 1988 tristius.
1101 1922 1144 1988 In
1166 1947 1265 1989 reum
1340 1977 1341 1992 ,

206 2025 249 2088 de
282 2045 379 2088 servo
408 2022 616 2089 accusatoris
644 2043 724 2088 cum
753 2023 940 2112 quaeritur,
970 2045 1089 2088 verum
1114 2023 1265 2089 inveniri

207 2121 337 2209 potest?
382 2142 430 2188 oo.
455 2123 533 2210 Age
550 2146 645 2197 vero,
663 2144 752 2209 quae
773 2134 846 2188 erat
869 2134 928 2188 aut
950 2123 1062 2209 qualis
1085 2123 1266 2210 quaestio?

208 2223 328 2288 ‘Heus
356 2236 404 2297 tu,
430 2224 553 2288 Rufio’
580 2223 694 2310 (verbi
718 2230 842 2308 causa)
872 2234 980 2287 ‘cave
1004 2223 1051 2288 sis
1072 2223 1263 2289 mentiaris.

154 2341 188 2381 20
207 2323 349 2389 Clodius
366 2323 507 2388 insidias
524 2322 604 2387 fecit
620 2319 786 2387 Miloni?'
828 2322 948 2387 ‘Fecit
960 2323 989 2384 τ’
1015 2333 1129 2388 ‘certa
1153 2325 1266 2389 crux.'

209 2433 217 2463 ‘
231 2423 355 2488 Nullas
368 2424 446 2488 fecit
458 2423 487 2485 τ’
506 2435 514 2463 ‘
528 2434 663 2508 sperata
677 2423 839 2487 libertas!
875 2420 970 2508 Quid
984 2423 1051 2487 hac
1062 2423 1265 2509 quaestione

207 2521 353 2588 certius?
400 2523 520 2589 Subito
546 2523 674 2607 abrepti
696 2523 731 2585 in
751 2523 1001 2609 quaestionem,
1023 2534 1135 2586 tamen
1164 2543 1266 2609 sepa·

206 2636 323 2687 rantur
344 2645 364 2688 a
385 2624 504 2688 ceteris
529 2635 562 2688 et
585 2623 620 2687 in
645 2643 743 2687 arcas
768 2623 995 2698 coniciuntur,
1013 2643 1057 2711 ne
1080 2622 1158 2708 quis
1183 2644 1262 2687 cum
1338 2673 1339 2692 ,

207 2724 255 2789 eis
280 2723 437 2810 conloqui
462 2723 579 2808 possit.
630 2721 677 2786 Hi
701 2734 838 2787 centum
864 2723 938 2787 dies
957 2744 1065 2807 penes
1084 2733 1264 2788 accusato-

154 2835 187 2890 25
207 2845 277 2887 rem
296 2845 372 2887 cum
391 2824 544 2896 fuissent,
564 2823 608 2887 ab
624 2845 666 2886 eo
682 2822 757 2908 ipso
775 2835 974 2887 accusatore
991 2822 1145 2907 producti
1169 2835 1260 2888 sunt.

207 2921 303 3009 Quid
321 2923 386 2989 hac
402 2922 600 3011 quaestione
617 2923 685 2987 dici
711 2934 820 3008 potest
844 2923 1023 3010 integrius,
1044 2922 1126 3008 quid
1151 2922 1263 2988 iocor-¹

205 3019 358 3108 ruptius?

250 3141 353 3187 xxm,
381 3140 423 3186 ol.
448 3121 552 3206 Quod
583 3123 611 3188 si
640 3124 791 3188 nondum
821 3122 902 3188 satis
926 3121 1075 3195 cernitis,
1101 3143 1180 3186 cum
1205 3144 1260 3187 res

206 3223 279 3308 ipsa
303 3235 442 3288 tottam
467 3224 569 3288 claris
595 3223 805 3311 argumentis
830 3222 1006 3310 signisque
1028 3221 1153 3295 luceat,
1174 3243 1259 3307 pura
1336 3263 1337 3278 ,

156 3335 190 3390 30
207 3338 317 3389 mente
336 3337 436 3410 atque
452 3325 585 3411 integra
602 3323 784 3398 Milonem,
803 3324 898 3388 nullo
922 3323 1051 3386 scelere
1075 3322 1255 3396 imbutum,

206 3427 298 3491 nullo
317 3438 406 3489 metu
427 3425 652 3511 perterritum,
671 3426 765 3490 nulla
791 3423 999 3490 conscientia
1023 3423 1254 3487 exanimatum

206 3523 354 3591 Romam
371 3527 562 3608 revertisse,
579 3525 806 3590 recordamini
824 3525 903 3609 (per
916 3525 998 3589 deos
1012 3522 1214 3587 immortalis
1226 3521 1252 3606 l)
1335 3511 1336 3524 ¹

204 3647 291 3710 quae
324 3625 423 3689 suerit
455 3626 610 3689 celeritas
641 3625 769 3689 reditus
800 3623 893 3711 ejus,
917 3625 974 3709 qui
1011 3623 1188 3710 ingressus
1222 3622 1255 3685 in

203 3723 313 3787 sorum
337 3725 475 3787 ardente
501 3725 607 3794 curia,
625 3744 715 3809 quae
741 3722 940 3809 magnitudo
966 3721 1084 3796 animi,
1103 3720 1162 3808 qui
1186 3721 1256 3786 vol·

154 3831 269 3895 35tus,
295 3841 383 3908 quae
407 3823 525 3886 oratio.
574 3821 697 3908 Neque
720 3842 801 3885 vero
825 3841 862 3885 se
887 3821 1013 3904 populo
1045 3822 1170 3897 solum,
1196 3819 1255 3886 sed
1334 3825 1335 3834 ’

203 3920 305 3984 etiam
342 3920 473 3985 senatui
508 3921 696 3994 commisit3
736 3940 848 4002 neque
882 3919 1013 3983 senatui
1046 3921 1162 3997 modo,
1195 3917 1255 3988 sed
