2668 4262
68 212 105 252 tv·
120 198 172 270 ¹0·]
244 198 363 265 Beata
386 200 434 285 af
454 199 579 266 Public
598 199 762 266 Encnu'cs
776 201 934 290 Lawsul.
1052 219 1114 288 173

65 411 175 496 capite
198 410 281 476 vidit
304 409 357 474 Μ.
378 409 513 485 Horati,
531 410 704 476 fortissimi
728 412 804 488 viri,
822 414 880 500 qui
905 416 1057 480 nondum
1076 416 1115 478 li-

64 512 144 575 bera
169 511 317 586 civitate,
336 523 449 576 tamen
474 511 591 596 populi
616 511 767 577 Romani
785 514 928 579 comitiis
953 515 1115 580 liberatus

64 624 126 683 est,
145 633 223 676 cum
240 631 302 675 sua
321 631 425 674 manu
442 632 594 675 sororem
612 633 687 676 esse
704 611 916 678 interfectam
940 614 1112 679 fateretur.

63 721 89 768 8·
111 710 169 776 An
195 724 245 776 est
268 711 449 796 quisquam
470 711 527 796 qui
551 711 616 776 hoc
632 711 779 798 ignoret,
798 734 875 777 cum
905 715 948 779 de
976 715 1114 780 homine

63 811 176 878 occiso
192 825 388 898 quaeratur,
405 824 463 875 aut
478 811 599 898 negari
616 813 725 876 solere
742 813 881 878 omnino
898 835 973 879 esse
987 814 1114 880 sactum
1134 850 1149 904 ς

63 925 120 976 aut
136 927 228 976 recte
245 925 278 976 et
301 911 378 999 jure
395 911 523 977 sactum
549 933 625 976 esse
642 912 779 977 defendi
800 912 814 976 Ρ
860 912 938 979 Nisi
958 935 1040 980 vero
1056 937 1116 979 ex·

62 1011 220 1076 istimatis
244 1011 438 1076 dementem
463 1010 503 1076 P.
534 1010 738 1076 Africanum
762 1011 880 1088 fuisse,
909 1013 1070 1099 quicum
1095 1035 1115 1080 a

62 1110 104 1176 C.
123 1110 287 1178 Carbone
307 1111 461 1199 [tribuno
483 1112 593 1197 plebis
618 1112 795 1200 seditiose]
823 1114 858 1176 in
882 1114 1039 1179 contione
1065 1114 1116 1179 in·

62 1223 293 1299 terrogaretur
317 1212 400 1299 quid
424 1213 469 1278 de
491 1211 548 1276 Ti.
578 1213 729 1278 Gracchi
754 1225 861 1278 morte
886 1214 1035 1289 sentiret,
1063 1236 1116 1279 re·

63 1314 239 1398 sponderit
258 1313 334 1401 jure
351 1334 490 1378 caesum
506 1313 627 1378 videri.
677 1312 802 1400 Neque
818 1315 910 1379 enirn
928 1328 1042 1400 posset
1059 1327 1117 1380 aut
1138 1360 1171 1399 10

62 1413 179 1478 Ahala
204 1415 261 1480 ille
285 1413 465 1489 Servilius,
484 1426 543 1478 aut
566 1413 605 1478 Ρ.
632 1414 775 1489 Nasica,
797 1427 856 1482 aut
879 1415 923 1480 L.
942 1416 1114 1500 Opimius,

64 1527 120 1579 aut
143 1513 188 1580 C.
209 1513 357 1587 Marius,
379 1528 436 1579 aut
459 1535 515 1579 me
539 1516 679 1580 consule
704 1527 855 1590 senatus,
874 1513 943 1583 no'n
965 1517 1116 1582 nefarius

64 1615 196 1688 haberi,
213 1616 240 1680 si
264 1617 447 1680 sceleratos
464 1615 549 1681 civis
572 1616 715 1681 interfici
733 1617 829 1682 nesas
846 1631 946 1682 esset.
997 1617 1116 1704 Itaque

64 1716 141 1791 hoc,
162 1717 311 1805 judices,
336 1737 404 1782 non
427 1716 500 1782 sine
521 1739 627 1782 causa
650 1719 751 1782 etiam
777 1717 864 1784 fictis
889 1719 1013 1784 sabulis
1036 1721 1116 1784 doc-

64 1817 184 1882 tissimi
208 1818 364 1883 homines
387 1817 571 1883 memoriae
588 1819 822 1903 prodiderunt,
841 1839 919 1884 eum
936 1819 993 1906 qui
1011 1819 1115 1905 patris
1140 1851 1169 1906 15

65 1918 254 1985 ulciscendi
272 1931 537 1984 causamatrem
554 1919 757 1994 necavisset,
776 1919 914 1986 variatis
939 1922 1116 1985 hominum

65 2020 254 2095 sententiis,
272 2042 340 2085 non
363 2021 473 2086 solum
498 2019 627 2094 divina,
640 2022 700 2085 sed
718 2021 819 2086 etiam
845 2021 1117 2107 sapientissimae

65 2121 150 2186 deae
162 2121 329 2188 sententia
341 2121 533 2186 liberatum.
575 2134 604 2181 a.
628 2119 733 2208 Quod
747 2122 773 2186 si
788 2123 968 2188 duodecim
981 2124 1117 2188 tabulae

65 2234 270 2287 nocturnum
295 2221 405 2286 sorem
424 2241 562 2308 quoquo
579 2221 693 2297 modo,
710 2222 871 2286 diurnum
889 2235 1017 2298 autem,
1035 2224 1063 2289 si
1081 2243 1118 2288 se

67 2324 131 2388 telo
160 2322 372 2396 defenderet,
400 2321 543 2386 interfici
572 2321 712 2407 impune
739 2323 932 2398 voluerunt,
962 2324 1038 2410 quis
1069 2335 1119 2389 est
1138 2343 1173 2382 20

66 2423 135 2507 qui,
149 2443 293 2510 *quoquo
310 2422 413 2487 modo
431 2423 507 2508 quis
528 2421 726 2487 interfectus
751 2423 805 2497 sit,
824 2423 1035 2508 puniendum
1057 2445 1120 2508 pu-

66 2533 122 2598 tet,
136 2545 216 2589 cum
236 2523 349 2588 videat
365 2522 550 2608 aliquando
572 2523 727 2608 gladium
748 2523 846 2588 nobis
873 2524 918 2588 ad
944 2525 1118 2590 hominem

65 2624 292 2690 occidendum
311 2623 353 2686 ab
370 2614 452 2707 ipsis
469 2622 598 2709 porrigi
616 2623 764 2709 legibus.

110 2743 161 2788 1v.
189 2723 295 2810 Atqui
312 2722 339 2787 si
356 2734 491 2807 tempus
507 2736 558 2786 est
573 2723 681 2787 ullum
694 2722 771 2809 jure
789 2721 937 2788 hominis
958 2725 1117 2799 necandi,

66 2845 155 2909 quae
181 2825 286 2888 multa
311 2835 400 2898 sunt,
420 2834 510 2887 certe
534 2823 618 2887 illud
635 2834 770 2887 estnon
788 2825 889 2888 modo
901 2824 1045 2912 justum,
1063 2847 1120 2890 ve·
1139 2837 1172 2892 ²5

67 2945 140 2988 rum
167 2925 268 2989 etiam
294 2921 636 2998 necessarium,cum
661 2922 695 2986 vi
719 2923 771 2987 vis
788 2923 893 2988 inlata
913 2925 1117 2989 defenditur.

67 3021 271 3090 Pudicitiam
301 3043 379 3087 curn
415 3022 561 3107 eriperet
590 3021 685 3087 militi
714 3023 869 3088 tribunus
902 3025 1056 3089 militaris
1084 3025 1120 3090 in

68 3125 219 3190 exercitu
244 3123 287 3189 C.
308 3121 412 3196 Mari,
431 3123 642 3210 propinquus
667 3122 742 3210 ejus
767 3123 995 3208 imperatoris,
1019 3125 1121 3190 inter·

68 3224 176 3290 sectus
192 3225 236 3288 ab
252 3245 294 3288 eo
310 3231 373 3296 est,
389 3222 444 3286 cui
460 3223 530 3286 vim
548 3223 735 3287 adferebat.
787 3223 918 3288 Facere
935 3224 1025 3289 enim
1044 3247 1121 3309 pro·

68 3322 132 3390 bus
148 3324 352 3390 adulescens
365 3322 557 3406 periculose
569 3343 673 3408 quam
687 3323 816 3408 perpeti
829 3325 970 3408 turpiter
987 3324 1117 3389 maluit.
1139 3329 1174 3384 30

70 3422 182 3511 Atque
206 3425 298 3488 hunc
322 3422 379 3486 ille
404 3443 558 3487 summus
582 3422 634 3485 vir
652 3423 783 3486 scelere
803 3425 950 3488 solutum
968 3424 1120 3510 periculo

72 3522 233 3588 liberavit.
293 3520 557 3586 10.‘Insidiatori
582 3543 663 3586 vero
688 3533 723 3586 et
745 3523 866 3586 latroni
895 3545 983 3610 quae
1012 3536 1122 3609 potest

71 3621 183 3688 inferri
200 3623 324 3711 injusta'
341 3620 441 3686 nex?
489 3619 584 3705 Qud
600 3622 780 3687 comitatus
803 3624 920 3696 nostri,
939 3623 1021 3709 quid
1046 3625 1122 3710 'gla-

72 3723 114 3785 dii
138 3721 286 3788 volunt?
312 3743 397 3808 quos
423 3722 548 3785 habere
573 3733 664 3786 certe
689 3743 757 3786 non
781 3723 910 3792 liceret.
928 3724 956 3786 si
981 3724 1029 3788 uti
1053 3724 1120 3787 illis

72 3823 163 3887 nullo
180 3823 424 3907 pactoliceret.
461 3820 522 3884 Est
538 3820 642 3906 igitur
658 3821 757 3886 haec.
769 3821 916 3907 judices,
930 3843 997 3884 non
1015 3822 1121 3905 scrip·
1138 3825 1171 3880 35

73 3930 117 3997 ta,
141 3922 201 3987 sed
225 3933 306 3987 nata
333 3921 414 3994 lex;
452 3939 556 4006 quarn
587 3939 656 3983 non
687 3919 883 3993 didicimus,
908 3919 1119 4001 accepimus,
