2714 4266
190 208 234 278 70
415 195 594 282 Pompey's
617 195 784 282 Mz'lz'lary
814 193 1014 260 Command.
1110 190 1240 260 [Mami.

188 395 313 481 quibus
337 393 441 460 vitam
466 416 508 460 ac
530 395 683 481 spiritum
702 394 837 470 ducitis,
857 394 890 458 in
907 393 1120 480 praedonum
1138 391 1243 456 fuisse

190 508 387 581 potestatem
410 494 547 561 sciatis?
594 495 651 560 An
668 519 749 561 vero
766 496 932 584 ignoratis
949 508 1082 580 portum
1100 491 1242 579 Cajetae

190 596 448 660 celeberrimum
491 617 531 661 ac
573 597 809 682 plenissimum
850 595 988 659 navium
1030 594 1242 677 inspectante

191 708 345 780 praetore
374 717 394 760 a
426 697 658 782 praedonibus
690 718 765 762 esse
798 693 989 781 direptum?
1028 716 1072 757 ex
1105 691 1243 756 Miseno

159 811 302 879 sautem
323 796 397 884 ejus
416 796 523 881 ipsius
545 797 681 871 liberos,
700 797 758 883 qui
783 818 861 862 cum
887 793 1116 880 praedonibus
1141 805 1242 879 antea

157 893 161 898 ’
190 897 236 960 ibi
271 897 399 961 bellum
438 909 604 984 gesserat,
639 917 659 961 a
695 897 926 982 praedonibus
957 915 1032 960 esse
1067 886 1243 958 sublatos?
1332 970 1333 974 Ἰ

191 996 283 1062 Nam
303 997 386 1083 quid
406 1019 472 1084 ego
493 996 651 1062 Ostiense
674 997 929 1062 incommodum
950 1007 1050 1082 atque
1075 994 1169 1058 illam
1195 994 1245 1056 la·

190 1099 268 1164 bern
294 1110 394 1184 atque
415 1097 640 1184 ignominiam
660 1096 708 1162 rei
725 1097 884 1182 publicae
900 1117 1036 1182 querar,
1054 1115 1146 1167 cum,
1165 1115 1245 1178 pro·
1319 1097 1323 1104 '

191 1220 234 1282 pe
258 1197 526 1284 inspectantibus
549 1197 660 1271 vobis
683 1197 803 1262 classis
827 1218 880 1270 ea,
903 1196 957 1260 cui
982 1196 1102 1261 consul
1125 1194 1245 1281 populi

145 1325 176 1364 ιο
192 1298 342 1362 Romani
365 1297 577 1382 praepositus
598 1307 699 1371 esset,
718 1316 738 1359 a
763 1297 993 1380 praedonibus
1017 1310 1117 1380 capta
1142 1307 1245 1381 atque

190 1419 355 1481 oppressa
386 1395 458 1461 est?
505 1396 572 1460 Pro
604 1397 637 1461 di
670 1395 900 1460 immortales!
940 1408 1113 1461 tantamne
1143 1396 1246 1460 unius
1333 1409 1334 1434 ³

192 1497 338 1562 hominis
354 1496 564 1562 incredibilis
581 1516 623 1560 ac
639 1496 755 1561 divina
772 1497 877 1561 virtus
893 1508 961 1561 tam
979 1496 1073 1561 brevi
1091 1509 1245 1581 tempore

191 1597 302 1661 lucem
331 1596 465 1661 adferre
494 1595 543 1660 rei
572 1597 729 1682 publicae
759 1598 877 1682 potuit,
898 1607 935 1660 ut
961 1619 1035 1671 voa,
1059 1598 1116 1684 qui
1141 1595 1245 1661 modo

192 1708 269 1760 ante
293 1698 415 1761 ostium
440 1695 643 1760 Tiberinum
671 1697 817 1760 classem
838 1697 984 1760 hostium
1011 1696 1189 1769 videbatis,
1212 1696 1245 1759 ei
1334 1753 1335 1770 1

147 1817 283 1877 15nunc
307 1796 436 1860 nullam
461 1794 548 1884 intra
573 1795 704 1861 Oceani
730 1797 852 1861 ostium
878 1797 1091 1880 praedonum
1119 1817 1246 1860 navem

192 1917 267 1960 esse
300 1893 466 1963 audiatis?
485 1887 558 1958 l'aa
582 1895 696 1983 Atque
728 1897 815 1960 haec
846 1917 914 1982 qua
946 1897 1118 1961 celeritate
1145 1908 1246 1982 gesta

192 1996 259 2060 sint
276 2017 485 2082 quamquam
507 1995 640 2070 videtis,
659 2009 774 2060 tamen
795 2017 814 2058 a
838 2018 891 2060 me
917 1996 950 2060 in
975 1997 1121 2060 dicendo
1147 2018 1248 2081 prae-

144 2160 147 2167 ,
191 2096 355 2160 tereunda
373 2117 440 2160 non
458 2106 576 2182 suntr
598 2093 687 2179 Quis
709 2097 800 2160 enim
825 2118 987 2182 umquam
1014 2108 1073 2160 aut
1095 2097 1247 2162 obeundi
1335 2129 1336 2178 3

192 2195 307 2282 negoti
325 2208 382 2259 aut
398 2197 629 2281 consequendi
647 2209 808 2283 quaestus
825 2197 936 2260 studio
953 2210 1021 2260 tam
1042 2196 1136 2260 brevi
1161 2209 1248 2260 tem-

147 2323 179 2359 20
192 2317 273 2380 pore
290 2309 337 2360 tot
354 2296 428 2360 loca
443 2295 550 2369 adire,
566 2307 676 2361 tantos
690 2317 809 2362 cursus
823 2298 990 2361 conficere
1005 2297 1125 2381 potuit,
1139 2318 1246 2382 quarn

192 2396 345 2460 celeriter
362 2393 428 2460 Cn.
449 2394 614 2481 Pompeio
632 2397 719 2461 duce
736 2397 818 2460 tanti
836 2397 916 2461 belli
935 2397 1081 2482 impetus
1101 2398 1247 2484 naviga-

191 2494 368 2589 vit?[Q1i
387 2497 537 2560 nondum
556 2497 757 2582 tempestivo
775 2498 819 2562 ad
835 2498 1068 2585 navigandum
1089 2499 1172 2562 mari
1190 2497 1248 2562 Si-

192 2595 306 2661 ciliam
325 2596 594 2694 adiitsAfrieam
613 2598 824 2682 exploravit;
850 2599 929 2662 inde
947 2598 1143 2663 Sardiniam
1165 2619 1246 2662 cum

192 2698 302 2763 classe
326 2697 429 2772 venit,
452 2710 552 2783 atque
577 2699 664 2762 haec
687 2697 750 2761 tria
774 2698 995 2762 frumentaria
1019 2701 1170 2764 subsidia
1195 2700 1246 2766 rei

145 2823 176 2874 25
191 2797 349 2882 publicae
378 2797 581 2861 firmissimis
610 2798 788 2883 praesidiis
817 2799 1051 2886 classibusque
1080 2801 1244 2874 munivit3

190 2914 235 2962 ³5.
259 2897 350 2966 inde¹
364 2917 442 2960 cum
468 2918 503 2960 se
522 2897 555 2960 in
574 2896 706 2961 ltaliam
725 2898 925 2982 recepisset,
941 2899 1075 2964 duabus
1094 2899 1246 2985 Hispan-

190 2999 232 3064 iis
248 3010 282 3062 et
298 2996 413 3061 Gallia
434 2995 681 3084 [transalpina]
703 2999 882 3082 praesidiis
899 3019 940 3063 ac
957 3000 1100 3064 navibus
1121 3001 1246 3064 confir-

193 3113 295 3171 mata,
316 3097 427 3161 missis
445 3097 524 3160 item
542 3097 575 3161 in
594 3119 687 3162 oram
708 3098 837 3184 lllyrici
855 3099 958 3163 maris
975 3112 1008 3163 et
1024 3100 1057 3162 in
1071 3098 1244 3165 Achaiam

189 3219 397 3282 omnemque
411 3195 594 3260 Graeciam
614 3197 771 3272 navibus,
788 3197 907 3262 Italiae
925 3200 991 3264 duo
1011 3200 1117 3264 maria
1134 3201 1245 3264 maxi-

146 3323 179 3375 30
192 3300 255 3363 mis
273 3298 439 3362 classibus
457 3297 728 3384 firmissimisque
748 3298 926 3384 praesidiis
947 3300 1144 3375 adornavit;
1169 3299 1243 3386 ipse

193 3410 304 3463 autem
321 3408 358 3461 ut
377 3396 561 3461 Brundisio
586 3398 757 3483 profectus
782 3409 844 3472 est,
863 3399 1243 3488 undequinquagesimo

191 3499 246 3564 die
270 3509 373 3561 totam
399 3497 443 3561 ad
468 3497 649 3582 imperium
675 3497 792 3582 populi
817 3498 967 3563 Romani
996 3498 1154 3564 Ciliciam
1182 3502 1244 3566 ad-

200 3598 330 3682 junxit3
356 3619 489 3668 omnes,
508 3597 565 3682 qui
583 3597 709 3683 ubique
735 3600 927 3681 praedones
952 3599 1098 3674 suerunt,
1119 3601 1242 3685 partim

193 3697 281 3781 capti
299 3696 533 3781 interfectique
552 3708 641 3768 sunt,
661 3696 783 3778 partim
802 3697 902 3762 unius
922 3698 1023 3785 hujus
1040 3720 1076 3762 se
1101 3699 1243 3786 irnperio

151 3816 232 3874 35ac
261 3793 416 3880 potestati
444 3793 659 3857 dediderunt.
710 3793 807 3858 Idem
836 3794 1070 3870 Cretensibus,
1093 3820 1170 3863 cum
1199 3801 1244 3864 ad

192 3914 271 3957 eum
298 3913 406 3978 usque
435 3891 469 3954 in
497 3890 740 3978 Pamphyliam
773 3894 905 3980 legatos
937 3896 1243 3986 deprecatoresque
