2668 4262
76 217 207 288 ’HV-32]
235 218 306 286 The
334 221 473 287 Creine:
506 223 563 287 the
590 221 748 288 Genera!
767 221 977 308 Mourm'ng.
1065 234 1125 304 151
1174 261 1177 268 ·

75 432 169 494 tere3
196 420 279 484 nihil
296 441 372 486 esse
395 421 634 507 praestabilius
655 422 764 487 otiosa
779 423 861 496 vita,
881 423 984 508 plena
1000 431 1034 486 et
1049 441 1131 486 con-

75 519 162 583 serta
187 521 415 605 voluptatibus
437 545 445 594 3
478 543 537 587 eos
562 535 689 596 autem,
715 523 772 608 qui
797 523 949 587 dicerent
973 520 1130 606 dignitati

76 641 153 684 esse
178 620 411 693 serviendum,
430 622 478 684 rei
504 622 662 705 publicae
687 623 949 694 consulendum,
968 621 1057 686 offici
1077 641 1130 684 ra·

75 721 204 785 tionem
232 723 265 785 in
294 721 387 786 omni
412 722 494 796 vita,
521 743 588 786 non
618 723 788 786 commodi
817 744 893 786 esse
920 722 1129 795 ducendam,

76 820 237 886 adeunda
255 843 318 907 pro
335 821 443 906 patria
455 823 630 906 pericula,
648 823 788 886 volnera
804 822 1024 906 excipienda,
1043 841 1131 885 mor·
1152 848 1166 903 5

74 932 142 985 tem
177 923 422 1010 oppetepdam,
456 921 634 986 vaticinari
667 935 769 1008 atque
801 922 951 986 insanire
982 921 1128 986 dicebat.

74 1041 117 1088 ιο.
142 1021 199 1086 Ex
224 1024 277 1087 his
302 1022 454 1087 adsiduis
478 1022 552 1109 ejus
577 1021 825 1108 cotidianisque
849 1021 1077 1095 sermonibus,
1098 1032 1132 1085 et

74 1125 169 1211 quod
186 1123 346 1187 videbam
367 1123 571 1209 quibuscum
598 1121 792 1186 hominibus
809 1121 843 1185 in
861 1121 1018 1186 interiore
1036 1131 1130 1205 parte

75 1225 216 1289 aedium
230 1223 370 1296 viveret,
383 1234 416 1287 et
428 1223 519 1309 quod
537 1222 582 1286 ita
596 1221 720 1286 domus
736 1221 812 1305 ipsa
829 1220 983 1285 fumabat
995 1232 1032 1284 ut
1044 1221 1130 1284 mul·

73 1335 108 1388 ta
125 1325 201 1412 ejus
218 1323 385 1388 sermonis
401 1323 528 1387 indicia
545 1323 751 1394 redolerent,
766 1321 955 1385 statuebam
973 1320 1036 1393 sic,
1050 1319 1130 1385 boui
1154 1357 1187 1398 10

74 1425 161 1488 nihil
187 1424 232 1488 ab
256 1422 323 1486 illis
347 1423 449 1510 nugis
475 1445 550 1487 esse
574 1421 860 1507 exspectandum,
886 1420 967 1484 mali
991 1420 1130 1506 quidem

75 1537 168 1589 certe
193 1523 278 1587 nihil
304 1523 627 1606 pertimescendum.
676 1520 748 1586 Sed
765 1520 811 1584 ita
829 1531 892 1595 est,
915 1520 1062 1607 judices,
1081 1529 1129 1594 ut,

75 1625 102 1690 si
120 1624 277 1711 gladium
299 1643 405 1706 parvo
431 1643 536 1706 puero
554 1634 611 1687 aut
627 1622 655 1687 si
672 1620 845 1686 imbecillo
862 1619 936 1684 seni
953 1631 1011 1684 aut
1027 1619 1131 1684 debili

75 1725 227 1797 dederis,
245 1724 318 1808 ipse
335 1723 463 1807 impetu
480 1743 542 1788 suo
559 1722 686 1787 nemini
703 1731 837 1796 noceat,
857 1721 910 1786 siu
932 1721 976 1784 ad
1000 1721 1131 1785 nudum

74 1826 128 1888 vel
155 1823 330 1889 fortissimi
346 1823 409 1886 viri
435 1844 558 1907 corpus
581 1823 774 1896 accesserit,
794 1821 901 1906 possit
917 1819 990 1884 acie
1007 1819 1082 1904 ipsa
1099 1829 1132 1882 et
1155 1849 1185 1906 ις

75 1924 156 1988 ferri
182 1924 312 1988 viribus
335 1924 536 1996 volnerare3
565 1923 615 1986 sic
635 1943 713 1987 cum
737 1921 933 1986 hominibus
961 1918 1131 1984 enervatis

76 2035 178 2110 atque
203 2023 439 2110 exsanguibus
463 2023 660 2088 consulatus
683 2033 859 2109 tamquam
884 2021 1022 2107 gladius
1042 2029 1132 2085 esset

76 2123 189 2197 datus,
203 2121 261 2209 qui
276 2144 336 2207 per
346 2143 382 2187 se
398 2143 552 2208 pungere
566 2122 737 2186 neminem
752 2141 916 2208 umquam
928 2120 1129 2206 potuissent,

75 2221 106 2287 ei
131 2223 258 2288 summi
287 2222 407 2308 imperi
433 2222 570 2286 nomine
594 2221 715 2285 armati
736 2233 840 2286 totam
858 2243 930 2286 rem
956 2221 1129 2307 publicam

77 2323 410 2388 contrucidaverunt.
449 2321 587 2386 Foedus
603 2321 757 2386 fecerunt
773 2342 851 2386 curn
869 2322 1004 2387 tribuno
1021 2321 1131 2408 plebis
1151 2342 1187 2384 ao

76 2424 208 2506 palam,
230 2433 266 2486 ut
290 2423 333 2487 ab
358 2443 399 2487 eo
424 2421 617 2506 provincias
646 2422 842 2506 acciperent
864 2444 952 2509 quas
975 2422 1040 2509 ipsi
1060 2423 1132 2487 vel·

76 2522 168 2597 lent3
194 2521 381 2586 exercitum
400 2533 433 2586 et
449 2521 631 2606 pecuniam
655 2533 819 2608 quantam
835 2523 964 2588 vellent
980 2543 1022 2587 ea
1037 2524 1129 2610 lege,

77 2622 104 2686 si
132 2622 199 2708 ipsi
228 2622 321 2707 prius
349 2622 483 2686 tribuno
511 2622 621 2706 plebis
650 2621 822 2688 adflictam
851 2633 885 2688 et
912 2623 1130 2689 constrictam

78 2743 150 2786 rem
183 2722 356 2807 publicam
393 2721 639 2786 tradidissent:
679 2722 715 2787 id
751 2735 865 2788 autem
900 2723 1021 2790 foedus
1053 2745 1131 2788 meo

78 2823 249 2909 sanguine
280 2822 323 2886 ici
357 2843 457 2906 posse
484 2822 657 2887 dicebant.
722 2821 805 2908 Qpa
836 2846 873 2890 re
904 2824 1132 2911 patefacta—
1151 2834 1185 2890 25

77 2943 192 3008 neque
222 2921 314 2986 enim
349 2921 557 2986 dissimulari
592 2935 723 2989 tantum
760 2927 873 2991 scelus
904 2936 1036 3011 poterat
1066 2945 1131 2990 nec

77 3020 513 3109 latere-promulgantur
537 3045 607 3088 uno
635 3026 825 3112 eodemque
851 3037 1004 3111 ternpore
1029 3046 1131 3113 roga·

78 3121 188 3186 tiones
204 3123 248 3186 ab
265 3122 385 3188 eodem
403 3122 538 3187 tribuno
555 3124 599 3190 de
616 3147 693 3191 mea
717 3127 869 3213 pernicie
886 3138 919 3191 et
935 3129 978 3193 de
994 3125 1132 3213 provin·

79 3219 142 3287 ciis
165 3223 343 3288 consulum
368 3222 580 3289 nominatim.
600 3272 608 3288 .
629 3273 637 3289 .
658 3273 666 3290 .

123 3337 160 3384 11.
182 3321 266 3386 Erat
292 3321 396 3409 igitur
422 3323 459 3387 in
482 3325 575 3390 luctu
597 3339 736 3392 senatus
758 3350 766 3403 3
795 3328 975 3414 squalebat
996 3326 1128 3403 civitas,
1150 3331 1186 3385 30

80 3422 215 3504 publico
246 3423 388 3488 consilio
416 3435 510 3488 veste
543 3438 701 3501 mutata3
742 3429 874 3492 nullum
907 3440 980 3493 erat
1011 3427 1130 3493 ltaliae

83 3522 315 3608 municipium,
346 3524 441 3588 nulla
473 3526 621 3600 colonia,
652 3527 747 3590 nulla
779 3528 1005 3612 praefectura,
1036 3527 1130 3593 nulla

83 3617 214 3687 Romae
246 3624 393 3688 societas
424 3624 659 3710 vectigalium,
685 3627 817 3690 nullum
844 3628 1040 3714 conlegium
1073 3638 1132 3693 aut

83 3722 262 3788 concilium
294 3735 353 3788 aut
380 3723 520 3788 omnino
553 3725 692 3810 aliquod
724 3746 906 3791 commune
934 3727 1128 3800 consilium,

83 3823 171 3904 quod
186 3834 258 3887 turn
279 3844 349 3889 non
374 3823 715 3889 honorificentissime
732 3826 775 3890 de
793 3847 870 3890 mea
887 3827 996 3891 salute
1012 3828 1131 3892 decre·
1149 3823 1184 3880 35

84 3920 202 3988 visset:
227 3943 307 3988 cum
329 3922 441 3988 subito
465 3923 603 3988 edicunt
625 3924 694 3988 duo
718 3927 890 4000 consules,
909 3939 945 3990 ut
961 3926 1005 3991 ad
1029 3945 1128 3990 suum
