2668 4262
194 226 257 295 124
481 205 696 292 Conspiracy
720 205 767 290 of
786 202 948 269 Catilina.
1046 195 1169 268 [Carra.
1195 194 1245 246 IV.
1317 243 1318 298 q

190 430 310 495 gener.
347 405 491 472 Moveor
505 406 558 470 his
571 407 672 470 rebus
685 405 857 476 omnibus,
872 402 933 468 sed
950 401 984 466 in
998 421 1075 464 eam
1094 409 1245 484 partem,
1317 389 1318 418 ¹

191 509 237 574 uti
263 509 348 574 salvi
376 509 442 572 sint
467 507 643 570 vobiscum
669 527 802 578 ornnes,
821 504 922 567 etiam
941 503 968 566 si
987 523 1040 564 me
1058 501 1110 564 vis
1128 500 1247 583 aliqua
1317 509 1318 576 j

191 609 409 694 oppresserit,
429 607 660 696 potiusquam
679 618 711 670 et
727 605 775 668 illi
801 614 834 668 et
850 625 912 668 nos
929 623 998 666 una
1016 600 1064 664 rei
1082 599 1248 685 publicae
1317 615 1318 664 ξ

192 723 285 795 peste
304 729 496 794 pereamus.

160 837 174 891 ς
236 823 264 870 4.
288 809 370 893 Qa
386 830 435 882 re,
456 818 568 892 patres
597 804 792 891 conscripti,
811 802 997 868 incumbite
1025 800 1070 866 ad
1095 801 1250 865 salutem

192 909 240 974 rei
258 909 428 994 publicae,
446 906 697 990 circumspicite
725 904 836 968 omnis
863 903 1045 988 procellas,
1064 921 1153 986 quae
1183 899 1251 962 im-

194 1009 416 1094 pendentnisi
431 1007 625 1092 providetis.
653 1005 734 1070 Non
745 1002 1005 1076 Ti.Gracchus,
1018 1001 1111 1087 quod
1122 1002 1251 1063 iterum
1317 1007 1318 1014 ’

101 1187 108 1199 ,
192 1111 346 1174 tribunus
381 1109 489 1193 plebis
523 1106 595 1170 fieri
624 1105 740 1180 voluit,
766 1125 833 1168 non
863 1102 905 1168 C.
933 1101 1128 1173 Gracchus,
1151 1099 1251 1185 quod

194 1211 348 1296 agrarios
379 1210 550 1274 concitare
583 1218 724 1271 conatus
757 1217 819 1277 est,
848 1225 916 1268 non
945 1202 988 1265 L.
1020 1200 1248 1271 Saturninus,

145 1337 176 1374 ιο
193 1311 284 1396 quod
301 1308 342 1374 C.
359 1309 564 1373 Memmium
580 1307 716 1378 occidit,
732 1305 766 1370 in
784 1304 967 1370 discrimen
985 1302 1124 1388 aliquod
1142 1314 1250 1386 atque
1317 1349 1318 1364 ,

193 1411 227 1475 in
245 1423 377 1475 vestrae
402 1409 590 1474 severitatis
612 1407 778 1496 judicium
807 1404 1007 1469 adducitur:
1032 1415 1192 1466 tenentur
1215 1400 1249 1463 ei
1317 1409 1318 1418 ’

193 1510 250 1596 qui
268 1511 311 1575 ad
329 1510 421 1574 urbis
442 1509 651 1581 incendium,
671 1508 714 1571 ad
731 1519 880 1570 vestram
905 1503 1058 1568 omnium
1083 1502 1246 1574 caedem,
1317 1581 1318 1584 Ἴ

194 1611 238 1675 ad
255 1610 438 1675 Catilinam
461 1601 713 1693 accipiendum,
731 1606 868 1670 Romae
888 1603 1099 1674 restiterunt;
1126 1614 1249 1666 tenen·

192 1722 247 1774 tur
274 1711 416 1783 litterae,
446 1709 561 1794 signa,
595 1728 730 1778 manus,
764 1706 913 1791 denique
944 1703 1045 1767 unius
1077 1702 1248 1789 cujusque

145 1836 175 1888 15
194 1811 383 1883 consessi03
401 1809 625 1874 sollicitantur
641 1806 862 1892 Allobroges,
882 1804 1018 1870 servitia
1036 1803 1246 1875 excitantur,

193 1909 342 1976 Catilina
366 1910 565 1982 arcessitum
595 1906 700 1972 idest
721 1907 841 1970 initum
866 1905 1059 1978 consilium,
1082 1916 1117 1968 ut
1142 1903 1246 1967 inter-

193 2011 289 2076 sectis
301 2011 460 2075 omnibus
474 2030 574 2073 nemo
588 2030 631 2072 ne
647 2007 691 2072 ad
709 2008 957 2092 deplorandum
971 2005 1110 2092 quidem
1125 2003 1247 2090 populi

193 2110 345 2176 Romani
374 2131 498 2174 nomen
525 2120 626 2194 atque
653 2108 696 2173 ad
725 2108 979 2172 lamentandam
1009 2106 1092 2171 tanti
1119 2105 1246 2191 imperi

194 2211 420 2275 calamitatem
446 2208 668 2295 relinquatur.

144 2337 176 2372 20
238 2331 291 2374 111.
316 2324 342 2370 5.
368 2309 467 2374 Haec
491 2309 606 2374 omnia
632 2308 762 2373 indices
791 2307 996 2380 detulerunt,
1021 2306 1068 2371 rei
1095 2307 1248 2372 confessi

193 2423 283 2485 sunt,
313 2431 374 2474 vos
405 2409 519 2473 multis
548 2409 619 2498 jam
648 2408 786 2496 judiciis
818 2407 1053 2497 judicavistis:
1095 2408 1248 2494 primum

193 2511 284 2598 quod
311 2510 393 2574 mihi
419 2510 548 2596 gratias
573 2508 691 2595 egistis
716 2509 950 2596 singularibus
971 2507 1098 2582 verbis,
1116 2519 1150 2572 et
1167 2529 1248 2572 mea

193 2612 313 2676 virtute
331 2623 430 2696 atque
456 2610 634 2696 diligentia
660 2611 869 2694 perditorum
893 2609 1069 2674 hominum
1087 2609 1248 2696 conjura·

193 2711 318 2775 tionem
346 2709 550 2794 patefactam
576 2729 651 2773 esse
678 2711 896 2782 decrevistis;
932 2710 1056 2774 deinde
1083 2710 1173 2796 quod
1201 2709 1244 2773 Ρ.
1317 2743 1318 2772 ι

146 2838 176 2887 25
194 2810 379 2875 Lentulum
404 2831 440 2873 se
465 2810 626 2873 abdicare
652 2821 809 2893 praetura
839 2811 1021 2896 coegistis3
1056 2822 1126 2873 tum
1152 2811 1248 2895 quod

194 2933 272 2975 eum
298 2922 330 2974 et
362 2922 504 2985 ceteros
533 2910 575 2974 de
607 2911 730 2996 quibus
759 2911 950 2999 judicastis,
985 2910 1020 2973 in
1052 2911 1245 2974 custodiam

194 3012 326 3076 dandos
366 3009 564 3084 censuistis;
608 3011 826 3096 maximeque
864 3011 956 3096 quod
993 3031 1070 3074 meo
1106 3011 1247 3073 nomine

194 3110 477 3196 supplicationem
506 3111 716 3186 decrevistis,
743 3112 801 3199 qui
830 3112 938 3176 honos
964 3123 1080 3197 togato
1110 3109 1246 3172 babitus

197 3225 272 3276 ante
301 3233 354 3274 me
380 3222 430 3274 est
454 3210 604 3284 nemini3
631 3224 801 3294 postremo
827 3213 985 3275 hesterno
1011 3211 1067 3275 die
1091 3209 1246 3294 praemia

147 3337 178 3386 30
196 3312 317 3398 legatis
333 3311 562 3398 Allobrogum
579 3309 726 3397 Titoque
742 3310 920 3376 Volturcio
940 3311 1081 3376 dedistis
1107 3309 1244 3394 amplis·

194 3413 292 3477 sima.
343 3409 444 3496 Quae
462 3423 540 3475 sunt
556 3411 671 3476 omnia
688 3411 761 3498 ejus
785 3411 889 3485 modi,
908 3422 944 3474 ut
960 3410 991 3475 ei
1008 3410 1065 3498 qui
1082 3410 1117 3472 in
1135 3421 1244 3474 custo·

194 3513 284 3577 diam
303 3511 504 3576 nominatim
521 3511 590 3575 dati
608 3522 686 3575 sunt
702 3511 777 3575 sine
798 3511 869 3576 ulla
886 3509 1094 3576 dubitatione
1112 3530 1133 3572 a
1147 3509 1242 3574 vobis

194 3612 345 3678 damnati
364 3633 439 3676 esse
457 3612 648 3676 videantur.

200 3717 206 3780 ⁴.
238 3726 266 3771 a.
291 3711 361 3776 Sed
379 3734 446 3797 ego
459 3711 584 3774 institui
602 3709 729 3774 referre
757 3711 889 3786 advos,
910 3722 1022 3796 patres
1047 3709 1238 3793 conscripti,

149 3824 369 3895 35tamquam
397 3811 583 3894 integrum,
610 3820 642 3872 et
669 3811 712 3872 de
737 3809 826 3873 sacto
855 3811 936 3895 quid
961 3811 1133 3898 judicetis,
1152 3811 1239 3874 etde

191 3929 306 3994 ¹poena
332 3907 414 3994 quid
431 3907 609 3971 censeatis.
661 3907 726 3970 Illa
745 3909 942 3992 praedicam
964 3929 1052 3994 quae
1070 3920 1148 3974 sunt
1164 3929 1240 3974 con·
