2714 4266
205 213 248 283 72
429 199 607 287 Pompey's
631 200 798 287 Mlitary
827 200 1028 266 Command.
1126 199 1264 271 [Mam

202 409 392 465 vestrorum
413 398 517 465 armis
542 400 688 466 hostium
713 401 819 476 urbis
841 421 886 467 au
910 401 1062 468 hibernis
1087 404 1265 470 sociorum

204 501 357 567 civitates
381 523 457 566 esse
481 501 633 566 deletas?
679 501 802 589 Neque
825 504 916 568 enim
942 515 1050 590 potest
1069 505 1265 570 exercitum

172 595 176 604 ’
203 601 233 666 is
250 602 423 667 continere
441 602 637 686 imperator,
656 603 713 689 qui
731 603 858 689 seipse
876 626 944 668 non
966 605 1127 680 continet,
1146 627 1265 692 neque

204 723 344 767 severus
368 723 444 767 esse
468 702 503 766 in
524 702 724 791 judicando,
744 704 801 790 qui
820 703 904 767 alios
922 705 955 766 in
974 725 1010 768 se
1027 725 1166 770 severos
1184 727 1265 770 esse

173 829 188 880 5
210 801 344 890 judices
376 825 443 867 non
471 803 552 867 volt.
601 819 648 867 aa.
674 801 742 869 Hic
775 804 937 868 miramur
965 804 1058 868 hune
1084 805 1265 870 hominem

204 914 335 970 tantum
360 905 529 968 excellere
554 903 689 978 ceteris,
711 904 809 994 cujus
834 903 989 992 legiones
1012 903 1115 969 sicin
1136 903 1266 969 Asiam

204 1003 433 1090 pervenerint,
457 1016 585 1070 utnon
612 1003 713 1069 modo
738 1024 860 1068 manus
883 1003 966 1068 tanti
989 1003 1173 1079 exercitus,
1199 1005 1265 1069 sed

206 1126 249 1169 ne
262 1105 443 1192 vestigium
457 1103 596 1191 quidem
610 1103 771 1190 cuiquam
788 1113 912 1189 pacato
929 1105 1088 1169 nocuisse
1104 1103 1267 1170 dicatur?

210 1205 289 1291 Jam
317 1227 399 1270 vero
423 1226 526 1292 quem
550 1204 595 1270 ad
619 1205 759 1270 modum
785 1203 908 1268 milites
933 1205 1114 1270 hibernent
1137 1205 1266 1270 cotidie

155 1329 186 1365 ιο
206 1327 381 1371 sermones
398 1326 440 1370 ac
456 1307 586 1370 litterae
604 1305 840 1390 perferuntur:
870 1327 939 1370 non
957 1305 1059 1369 modo
1083 1316 1119 1369 ut
1143 1327 1268 1390 sump-

206 1416 276 1469 tum
302 1405 404 1472 saciat
419 1405 454 1470 in
472 1405 612 1470 militem
630 1405 758 1469 nemini
775 1405 827 1470 vis
845 1405 1008 1480 adfertur,
1027 1405 1087 1470 sed
1104 1425 1148 1470 ne
1165 1405 1266 1490 cupi-

206 1505 274 1570 enti
298 1506 437 1592 quidem
461 1505 622 1593 cuiquam
647 1504 859 1590 permittitur.
909 1503 1043 1569 Hiemis
1063 1504 1169 1581 enim,
1191 1526 1266 1571 non

208 1606 369 1670 avaritiae
389 1605 584 1693 perfugium
605 1604 753 1692 majores
774 1604 879 1670 nostri
904 1604 938 1668 in
963 1605 1132 1670 sociorum
1158 1616 1266 1692 atque

207 1706 395 1770 amicorum
419 1708 515 1770 tectis
539 1727 614 1770 esse
639 1706 831 1768 voluerunt.

156 1830 185 1880 15
251 1825 327 1869 xtv.
354 1821 403 1868 tu.
426 1804 506 1892 Age
527 1827 629 1869 vero:
655 1804 776 1869 ceteris
792 1803 828 1868 iu
844 1805 947 1869 rebus
963 1805 1055 1892 quali
1073 1805 1115 1870 sit
1130 1817 1267 1890 tempe-

207 1905 315 1969 rantia
341 1905 565 1970 considerate.
616 1903 718 1969 Unde
742 1903 837 1968 illam
854 1915 983 1969 tantam
1002 1904 1209 1970 celeritatem
1229 1916 1266 1970 et
1336 1937 1337 1976 r

206 2016 275 2068 tam
311 2005 546 2068 incredibilem
581 2025 718 2068 cursum
755 2003 930 2069 inventum
970 2005 1117 2089 putatis?
1178 2003 1266 2070 Non
1336 1997 1337 2066 ἶ

207 2105 298 2168 enim
323 2106 418 2169 illum
440 2102 566 2168 eximia
583 2104 635 2168 vis
652 2104 823 2192 remigum
841 2116 899 2168 aut
914 2125 970 2169 ars
988 2105 1140 2169 inaudita
1156 2126 1266 2191 quae-

207 2205 285 2269 dam
303 2203 518 2292 gubernandi
536 2216 594 2268 aut
609 2204 700 2268 venti
718 2204 823 2291 aliqui
847 2205 927 2269 novi
951 2217 1020 2268 tam
1047 2205 1202 2270 celeriter
1225 2205 1266 2270 in

153 2331 185 2364 20
206 2305 342 2369 ultimas
366 2316 473 2368 terras
497 2305 728 2390 pertulerunt;
760 2305 821 2368 sed
846 2325 908 2368 eae
932 2326 987 2369 res
1011 2325 1101 2390 quae
1128 2318 1265 2370 ceteros

205 2404 368 2469 remorari
385 2405 507 2480 solent,
527 2425 595 2468 non
615 2404 849 2468 retardarunt:
880 2426 949 2468 non
974 2403 1117 2469 avaritia
1143 2405 1185 2468 ab
1209 2404 1266 2468 in-

206 2505 318 2569 stituto
335 2525 436 2568 cursu
455 2504 498 2568 ad
514 2505 679 2588 praedam
693 2503 844 2590 aliquam
859 2503 1051 2579 devocavit,
1066 2525 1135 2569 nou
1153 2503 1264 2569 libido

205 2605 249 2668 ad
274 2605 494 2689 voluptatem,
517 2625 585 2678 non
609 2587 798 2668 a'moemtas
823 2603 868 2668 ad
892 2603 1167 2678 delectationem,
1190 2626 1263 2668 non

204 2704 361 2769 nobilitas
381 2702 474 2767 urbis
495 2703 539 2766 ad
555 2703 800 2789 cognitionem,
819 2724 886 2767 non
905 2703 1054 2789 denique
1072 2704 1167 2768 labor
1184 2703 1263 2788 ipse

153 2830 183 2880 25
204 2805 248 2868 ad
265 2804 433 2891 quietem3
460 2814 630 2888 postremo
646 2802 746 2888 signa
764 2814 796 2868 et
812 2804 947 2868 tabulas
961 2816 1142 2889 ceteraque
1155 2825 1262 2868 orna-

204 2917 318 2968 menta
350 2902 562 2968 Graecorum
595 2903 812 2986 oppidorum,
847 2923 935 2988 quae
971 2901 1073 2967 ceteri
1105 2904 1261 2967 tollenda

203 3026 278 3069 esse
296 3003 512 3076 arbitrantur,
532 3023 572 3066 ea
589 3001 652 3066 sibi
670 3002 727 3065 ille
744 3023 787 3066 ne
810 3003 953 3067 visenda
977 3002 1116 3088 quidem
1140 3003 1260 3067 existi-

203 3105 319 3170 mavit.
368 3121 409 3167 41.
433 3103 552 3191 Itaque
572 3125 692 3170 omnes
712 3124 804 3167 nunc
824 3101 858 3166 in
883 3103 932 3167 eis
957 3103 1041 3168 locis
1064 3101 1129 3168 Cn.
1155 3101 1261 3166 Pom-

202 3207 316 3292 peium
342 3205 429 3270 sicut
452 3205 600 3291 aliquem
625 3226 692 3268 non
715 3225 758 3268 ex
777 3204 843 3267 hac
860 3203 943 3268 urbe
962 3203 1115 3278 missum,
1134 3203 1196 3268 sed
1212 3203 1259 3268 de

152 3330 183 3380 30
202 3309 299 3373 caelo
312 3309 490 3393 delapsum
505 3305 688 3369 intuentur.
723 3303 827 3368 Nunc
839 3303 987 3390 denique
1001 3303 1168 3387 incipiunt
1184 3323 1258 3367 cre-

202 3409 283 3474 dere
308 3409 410 3473 luisse
436 3407 591 3471 homines
609 3403 787 3469 Romanos
806 3405 871 3468 hac
888 3404 1062 3490 quondam
1080 3404 1257 3467 continen-

201 3509 261 3584 tia,
289 3510 379 3596 quod
403 3508 474 3597 jam
504 3504 696 3571 nationibus
725 3503 849 3567 exteris
878 3503 1077 3566 incredibile
1104 3521 1145 3565 ac
1169 3501 1257 3567 falso

202 3610 387 3674 memoriae
420 3608 589 3691 proditum
622 3605 811 3669 videbatur.
863 3601 967 3666 Nunc
1000 3601 1120 3685 imperi
1154 3602 1254 3666 vestri

202 3709 364 3793 splendor
380 3708 446 3770 illis
463 3706 622 3792 gentibus
639 3705 750 3768 lucem
768 3701 903 3766 adferre
921 3702 1044 3785 coepit.
1085 3700 1189 3765 Nunc
1206 3701 1255 3764 in-

153 3830 183 3879 35
202 3808 367 3892 tellegunt
391 3827 458 3868 non
484 3804 557 3866 sine
582 3822 688 3866 causa
712 3801 858 3888 majores
884 3821 977 3873 suom
1005 3811 1077 3863 tum
1105 3821 1184 3864 cum
1214 3821 1256 3866 ea

202 3903 426 3989 temperantia
459 3902 676 3986 magistratus
709 3899 936 3974 habebamuS,
964 3899 1091 3964 servire
1126 3902 1257 3986 populo
