2668 4262
62 212 143 252 cxix.
160 197 235 270 144]
310 196 381 264 His
416 195 579 262 Welcome
603 197 687 262 back
710 206 744 262 to
767 197 876 285 Italy.
1056 196 1117 282 167

60 422 129 487 que
153 400 264 486 ipsius
288 399 417 486 patriae
442 399 597 464 dextram
618 397 831 484 porrexerint
849 397 1061 474 Brundisini,
1075 436 1121 448 -

61 524 142 566 curn
161 501 245 586 ipsis
262 501 373 564 Nonis
387 499 574 564 Sextilibus
587 499 678 564 idem
692 500 765 564 dies
779 500 946 564 adventus
961 501 1026 566 mei
1040 499 1121 564 suis·

61 614 112 666 set
128 602 340 686 reditusque,
359 600 416 686 qui
434 600 556 664 natalis
573 599 664 664 idem
682 599 879 665 carissimae
897 601 1000 675 filiae,
1016 622 1119 686 quam

59 723 106 765 ex
119 701 329 787 gravissimo
339 711 408 763 tum
422 699 568 783 primurn
581 699 751 764 desiderio
762 701 922 786 luctuque
933 699 1097 784 conspexi
1111 723 1119 775 ;

60 801 154 866 idern
174 802 277 864 etiam
295 800 401 884 ipsius
419 800 573 864 coloniae
597 797 846 872 Brundisinae3
872 800 962 865 idern
984 801 1038 888 (ut
1058 800 1122 865 sci·
1141 823 1156 878 5

60 901 121 986 tis)
143 901 243 964 aedis
260 898 415 966 Salutis:
441 920 587 987 cumque
608 920 664 964 me
686 900 807 964 domus
832 902 954 966 eadem
979 901 1122 986 optimo·

61 1023 139 1065 rurn
167 1013 203 1065 et
230 1001 503 1065 doctissimorum
530 1000 694 1076 virorum,
723 999 776 1064 Μ.
805 999 915 1066 Laeni
944 999 1061 1065 Flacci
1090 1013 1123 1066 et

61 1101 171 1186 patris
196 1113 229 1166 et
245 1100 357 1166 fratris
374 1100 460 1189 ejus,
480 1100 666 1166 laetissima
684 1100 884 1187 accepisset,
903 1122 992 1188 quae
1009 1100 1124 1188 proxi-

63 1223 119 1266 mo
137 1221 233 1266 anno
250 1221 407 1265 maerens
424 1213 600 1287 receperat
616 1214 649 1267 et
674 1222 737 1267 suo
760 1201 931 1286 praesidio
955 1201 1123 1288 periculo·

61 1323 129 1387 que
143 1300 369 1374 del'enderat3
390 1321 537 1387 cumque
553 1301 673 1366 itinere
689 1314 757 1368 toto
770 1303 872 1367 urbes
886 1301 1007 1366 Italiae
1020 1303 1123 1368 festos
1143 1334 1176 1374 10

62 1403 139 1468 dies
157 1422 265 1490 agere
282 1402 449 1466 adventus
466 1402 533 1466 mei
552 1403 776 1477 videbantur;
808 1403 884 1468 viae
910 1403 1123 1469 multitudine

62 1503 262 1590 legatorum
279 1503 429 1588 undique
444 1503 624 1568 missorum
638 1505 919 1578 celebrabantur3
943 1504 987 1569 ad
1004 1505 1123 1569 urbem

65 1624 230 1668 accessus
258 1603 448 1668 incredibili
477 1604 654 1668 hominum
681 1605 893 1670 multitudine
919 1617 952 1670 et
973 1607 1124 1692 gratula-

63 1705 157 1770 tione
182 1704 346 1778 florebut3
382 1705 445 1769 iter
469 1725 489 1768 a
513 1718 621 1791 porta,
648 1705 683 1769 in
707 1704 917 1791 Capitolium
945 1727 1122 1782 ascensus

66 1806 212 1870 domum
240 1805 368 1870 reditus
396 1819 468 1869 erat
495 1807 568 1894 ejus
595 1807 698 1882 modi,
723 1820 758 1870 ut
782 1828 916 1871 summa
942 1805 976 1870 in
997 1807 1123 1872 laetitia
1145 1827 1175 1880 ις

66 1905 153 1971 illud
191 1907 358 1980 dolerem,
391 1906 561 1972 civitatem
594 1919 662 1971 tam
694 1919 829 1995 gratam
861 1921 931 1972 tam
965 1906 1123 1972 miseram

68 2019 171 2093 atque
197 2028 397 2098 oppressam
421 2006 536 2072 luisse.

111 2127 160 2174 ⁵⁰.
186 2107 258 2174 Sed
291 2130 345 2174 me
372 2099 528 2194 repente,
558 2108 705 2196 judices,
735 2109 778 2174 de
810 2108 1068 2176 fortissimorum
1093 2120 1126 2174 et

68 2210 338 2288 clarissimorum
367 2209 492 2274 civium
517 2209 683 2297 dignitate
707 2221 740 2276 et
763 2210 874 2297 gloria
898 2211 1068 2276 dicentem
1093 2220 1126 2274 et

70 2312 169 2396 plura
196 2313 297 2378 etiam
323 2311 436 2378 dicere
462 2323 653 2396 parantem,
672 2312 794 2375 horum
814 2325 972 2396 aspectus
994 2311 1028 2376 in
1052 2311 1126 2396 ipso
1144 2321 1178 2360 20

70 2433 174 2480 cursu
199 2411 361 2478 orationis
385 2411 555 2496 repressit.
604 2410 717 2476 Video
745 2410 785 2476 P.
813 2411 1126 2478 Sestium—meae

72 2515 205 2590 salutis,
229 2526 361 2580 vestrae
388 2512 606 2586 auctoritatis
630 2513 788 2598 publicae
816 2534 942 2579 causae
970 2513 1128 2578 defenso·

71 2634 157 2690 rem,
189 2625 492 2701 propugnatorem,
524 2625 845 2678 actorem—reum.
894 2614 1007 2680 Video
1036 2615 1127 2678 hunc

72 2728 322 2796 praetextatum
340 2715 414 2803 ejus
430 2715 536 2779 filium
555 2715 664 2780 oculis
680 2715 937 2782 lacrimantibus
962 2737 1015 2781 me
1041 2715 1128 2778 intu-

73 2830 200 2882 entem.
249 2815 361 2881 Video
385 2815 566 2890 Milonem,
593 2816 764 2882 vindicem
788 2829 921 2882 vestrae
950 2817 1125 2891 libertatis,
1145 2818 1177 2874 ²5

73 2918 249 2983 custodem
275 2915 392 2981 salutis
416 2937 528 2988 meae,
550 2916 921 2983 subsidium.adflictae
945 2918 994 2982 rei
1018 2917 1124 3002 publi·

75 3036 150 3090 cae,
189 3017 430 3082 exstinctorem
473 3016 649 3080 domestici
690 3017 858 3092 latrocini,
897 3039 1127 3104 repressorem

75 3119 191 3182 caedis
211 3117 417 3190 cotidianae,
438 3117 651 3182 defensorem
672 3118 876 3202 templorum
902 3132 1001 3205 atque
1025 3132 1127 3187 tecto,

75 3237 164 3290 rum,
187 3217 395 3302 praesidium
416 3216 545 3290 curiae,
568 3217 777 3282 sordidatum
804 3231 837 3282 et
858 3240 967 3283 reum.
1015 3218 1128 3284 Video

76 3313 116 3380 P.
141 3317 341 3390 Lentulum,
370 3316 468 3402 cujus
495 3337 562 3403 ego
591 3328 722 3401 patrem
750 3318 852 3382 deum
882 3339 923 3383 ac
952 3331 1127 3402 parentem
1146 3322 1182 3377 30

78 3427 186 3483 statuo
217 3418 371 3482 fortunae
405 3436 446 3480 ac
477 3416 624 3480 nominis
652 3417 718 3480 mei
748 3428 780 3481 et
807 3417 918 3482 fratris
946 3440 1127 3504 rerumque

79 3531 281 3589 nostrarum,
312 3515 346 3580 in
380 3517 445 3579 hoc
478 3515 601 3580 misero
629 3516 787 3601 squalore
810 3527 842 3581 et
862 3518 1040 3582 sordibus:
1074 3517 1128 3581 cui

80 3617 231 3702 superior
258 3637 369 3680 annus
397 3615 486 3678 idem
516 3628 549 3678 et
574 3615 704 3679 virilem
733 3615 836 3699 patris
863 3628 895 3679 et
911 3614 1128 3701 'praetextam

81 3717 192 3802 populi
215 3715 345 3804 judicio
369 3725 487 3800 togam
512 3714 655 3788 dederit,
678 3715 769 3777 hunc
794 3703 859 3778 hoc
884 3736 974 3779 anno
1003 3715 1037 3778 in
1063 3716 1129 3779 hac

80 3824 158 3903 toga
202 3814 389 3902 rogationis
433 3813 674 3901 injustissimae
720 3814 864 3877 subitam
909 3815 1127 3880 acerbitatem
1149 3828 1182 3883 35

82 3934 140 3999 pro
162 3927 258 4002 patre
281 3913 463 3980 fortissimo
491 3925 524 3978 et
550 3913 741 3979 clarissimo
768 3912 843 3979 cive
871 3914 1125 3999 deprecantem.
