2716 4266
203 233 268 280 220
459 214 531 282 Tae
553 215 699 282 Pardua
724 216 772 304 uf
788 211 993 282 Marcellus.

200 415 346 492 Caesar,
364 415 474 492 salvo,
493 427 527 481 et
549 415 584 481 in
601 417 665 482 ista
682 416 850 482 sententia
866 437 935 503 qua
955 435 1032 481 cum
1057 427 1162 481 antea
1185 429 1247 480 tum

202 517 302 581 hodie
319 517 373 582 vel
392 517 542 581 maxime
560 539 641 581 usus
659 538 695 582 es
713 530 886 591 manente,
902 517 987 582 salvi
1004 538 1080 582 esse
1094 538 1166 581 non
1181 537 1249 601 pos-

201 639 329 682 sumus.
379 615 460 700 Qua
483 639 519 682 re
537 639 656 682 omnes
680 629 725 692 te,
745 617 802 703 qui
829 620 914 682 haec
939 618 1034 682 salva
1059 639 1139 682 esse
1163 618 1250 680 volu·

203 740 289 790 mus,
309 728 341 782 et
358 719 532 783 hortamur
549 731 581 782 et
597 719 831 793 obsecramus,
847 731 884 783 ut
900 719 988 783 vitae
1005 732 1083 783 tuae
1103 731 1139 783 et
1156 716 1251 782 saluti

148 845 163 900 ς
201 819 380 893 consulas3
418 839 606 905 omnesque
638 818 711 894 tibi,
739 829 777 882 ut
808 841 868 904 pro
897 819 971 883 aliis
1002 819 1106 883 etiam
1138 819 1253 903 loquar

200 920 291 1003 quod
308 918 350 983 de
369 939 422 983 me
439 910 513 1004 i⁹pse
531 918 651 993 sentio,
671 918 832 1006 quoniam
851 920 992 984 subesse
1008 919 1142 1006 aliquid
1160 933 1253 1004 putas

200 1019 290 1104 quod
313 1019 505 1084 cavendum
531 1020 584 1094 sit,
607 1040 675 1084 non
701 1020 802 1084 modo
822 1019 987 1084 excubias
1011 1031 1044 1084 et
1067 1019 1252 1092 custodias

200 1119 260 1182 sed
289 1118 390 1183 etiam
420 1120 564 1184 laterum
594 1131 786 1186 nostrorum
812 1121 988 1206 oppositus
1015 1131 1049 1185 et
1072 1137 1253 1205 corporum

201 1218 414 1302 pollicemur.

149 1355 182 1394 10
244 1337 295 1382 xi.
322 1337 368 1384 aa
392 1319 476 1395 Sed,
495 1331 532 1385 ut
547 1321 639 1386 unde
664 1331 716 1386 est
738 1341 829 1392 orsa,
848 1321 884 1384 in
909 1321 1029 1386 eodem
1054 1320 1255 1385 terminetur

199 1421 318 1497 oratio,
331 1421 553 1486 -maximas
570 1421 630 1486 tibi
646 1441 766 1486 omnes
783 1421 912 1509 gratias
934 1421 1084 1509 agimus,
1104 1420 1151 1486 C.
1171 1418 1255 1485 Cae·

199 1540 267 1594 sar,
287 1521 433 1609 majores
458 1521 560 1585 etiam
578 1522 760 1586 habemus.
810 1521 903 1585 Nam
921 1541 1041 1586 omnes
1059 1521 1154 1585 idem
1183 1539 1253 1584 sen-

198 1619 296 1693 tium,
327 1621 418 1708 quod
446 1642 490 1685 ex
519 1621 673 1685 omnium
702 1621 864 1708 precibus
891 1634 924 1686 et
952 1621 1105 1686 lacrimis
1131 1619 1253 1685 sentire

1329 6 1331 129 l

1329 295 1332 462 l

199 1721 355 1804 potuisti:
395 1723 455 1786 sed
487 1721 567 1808 quia
606 1743 675 1786 non
713 1732 764 1786 est
798 1722 957 1786 omnibus
993 1721 1165 1786 stantibus
1201 1739 1253 1783 ne
1331 1737 1332 1794 j

148 1847 179 1901 ις
199 1841 294 1884 cesse
316 1821 442 1896 dicere,
469 1843 489 1885 a
512 1842 566 1886 me
589 1833 680 1886 certe
707 1821 774 1887 dici
800 1823 931 1897 volunt,
956 1822 1011 1886 cui
1037 1841 1185 1886 necesse
1209 1829 1254 1883 est

198 1921 347 2004 quodam
375 1922 487 1995 mod0‚
506 1933 539 1985 et
560 1922 652 2008 quod
669 1921 743 1986 fieri
762 1921 978 1986 decet-M.
997 1921 1173 1986 Marcello
1190 1941 1209 1983 a
1225 1931 1252 1982 te

199 2019 279 2083 huic
306 2020 415 2084 ordini
449 2022 643 2108 populoque
671 2019 832 2087 Romano
858 2035 891 2086 et
916 2023 965 2086 rei
992 2023 1155 2107 publicae
1184 2019 1254 2084 red·

199 2119 404 2184 dito-lieri
432 2121 466 2185 id
492 2121 665 2209 intellego.
716 2121 810 2187 Nam
838 2121 957 2187 laetari
982 2122 1094 2188 omnis
1116 2144 1189 2187 non
1215 2120 1253 2184 de
1330 2193 1331 2212 2

197 2219 299 2285 unius
324 2222 447 2294 solum,
466 2222 526 2287 sed
551 2222 593 2286 de
619 2224 792 2287 communi
818 2223 971 2287 omnium
995 2224 1104 2288 salute
1129 2222 1250 2288 sentio.

145 2339 180 2378 20
197 2337 244 2384 at.
305 2321 370 2386 uod
390 2333 502 2386 autem
520 2343 675 2390 summae
693 2323 953 2388 benevolentiae
979 2335 1041 2396 est,
1061 2343 1153 2410 quae
1180 2341 1251 2385 mea

199 2441 282 2508 erga
304 2422 400 2484 illum
426 2421 583 2486 omnibus
601 2443 737 2506 semper
761 2421 849 2487 nota
865 2423 938 2497 fuit,
958 2435 995 2487 ut
1015 2423 1075 2487 vix
1093 2422 1138 2489 C.
1162 2422 1252 2488 Mar·

197 2523 297 2595 ce110‚
316 2521 443 2606 optimo
468 2531 500 2585 et
523 2521 758 2588 amantissimo
782 2521 889 2597 fratri,
913 2534 1048 2608 praeter
1072 2545 1154 2588 eum
1180 2522 1251 2610 qui·

197 2623 275 2686 dem
289 2622 446 2686 cederem
464 2622 605 2696 nemini,
621 2642 698 2686 cum
712 2623 747 2688 id
765 2623 1007 2699 sollicitudine,
1023 2643 1119 2700 cura,
1133 2625 1251 2689 labore

197 2732 266 2785 tam
290 2721 347 2786 diu
366 2721 602 2808 praestiterim,
621 2743 724 2808 quam
743 2723 800 2788 diu
819 2734 870 2790 est
887 2726 929 2790 de
945 2723 1038 2790 illius
1055 2727 1167 2791 salute
1192 2725 1251 2790 du·

143 2829 177 2885 ²5
196 2822 350 2894 bitatum‚
375 2833 466 2886 certe
491 2821 555 2886 ho'c
580 2835 746 2908 tempore,
775 2826 912 2913 magnis
941 2826 1044 2902 curis,
1071 2826 1247 2898 molestiis,

197 2921 369 2986 doloribus
388 2922 561 2997 liberatus,
582 2936 756 3007 praestare
774 2926 895 2992 debeo.
946 2927 1079 3014 ltaque,
1098 2925 1141 2992 C.
1161 2927 1248 2994 Cae·
1329 2973 1330 3004 l

196 3042 265 3093 sar,
284 3021 333 3085 sic
349 3021 408 3084 tibi
425 3021 553 3108 gratias
571 3043 651 3110 ago,
671 3036 708 3088 ut
723 3025 882 3092 omnibus
900 3049 954 3092 me
971 3028 1073 3092 rebus
1091 3047 1111 3091 a
1127 3038 1161 3092 te
1181 3045 1246 3091 non

197 3131 396 3185 conservato
420 3121 543 3196 solum,
563 3123 623 3188 sed
645 3125 748 3189 etiam
772 3138 905 3201 ornato,
923 3139 1038 3192 tamen
1064 3128 1107 3193 ad
1131 3138 1190 3192 tua
1213 3125 1245 3190 in
1328 3173 1329 3204 r

196 3241 251 3284 me
269 3242 374 3284 unum
398 3221 663 3290 innumerabilia
688 3224 822 3301 merita,
841 3227 932 3312 quod
957 3227 1028 3292 fieri
1049 3227 1121 3316 jam
1146 3243 1245 3312 posse

143 3331 178 3386 30
196 3342 264 3386 non
278 3318 480 3398 arbitrabar,
498 3323 669 3390 maximus
687 3324 754 3391 hoc
769 3336 828 3391 tuo
843 3326 933 3408 facto
950 3327 1108 3392 cumulus
1132 3345 1243 3392 acces-

196 3420 288 3487 serit.
