<?xml version="1.0" encoding="UTF-8"?>
<!DOCTYPE html PUBLIC "-//W3C//DTD XHTML 1.0 Transitional//EN"
    "http://www.w3.org/TR/xhtml1/DTD/xhtml1-transitional.dtd">
<html xmlns="http://www.w3.org/1999/xhtml" xml:lang="en" lang="en">
 <head>
  <title>
</title>
<meta http-equiv="Content-Type" content="text/html;charset=utf-8" />
  <meta name='ocr-system' content='tesseract 3.04.00' />
  <meta name='ocr-capabilities' content='ocr_page ocr_carea ocr_par ocr_line ocrx_word'/>
</head>
<body>
  <div class='ocr_page' id='page_1' title='image "./selectorationsc00greegoog_0168.png"; bbox 0 0 2668 4262; ppageno 0'>
   <div class='ocr_carea' id='block_1_1' title="bbox 79 113 1135 310">
    <p class='ocr_par' dir='ltr' id='par_1_1' title="bbox 79 113 1135 310">
     <span class='ocr_line' id='line_1_1' title="bbox 301 113 313 156; baseline 0 0"><span class='ocrx_word' id='word_1_1' title='bbox 301 113 313 156; x_wconf 73' lang='lat' dir='ltr'>i</span> 
     </span>
     <span class='ocr_line' id='line_1_2' title="bbox 79 159 1135 310; baseline 0.002 -38"><span class='ocrx_word' id='word_1_2' title='bbox 79 213 121 256; x_wconf 70' lang='lat'>1²¹·</span> <span class='ocrx_word' id='word_1_3' title='bbox 141 201 196 272; x_wconf 77' lang='lat'>¹9·]</span> <span class='ocrx_word' id='word_1_4' title='bbox 230 159 301 310; x_wconf 20' lang='lat' dir='ltr'>‘ssi</span> <span class='ocrx_word' id='word_1_5' title='bbox 337 203 407 271; x_wconf 82' lang='lat' dir='ltr'>Tlre</span> <span class='ocrx_word' id='word_1_6' title='bbox 429 204 545 272; x_wconf 83' lang='lat' dir='ltr'>Poet’s</span> <span class='ocrx_word' id='word_1_7' title='bbox 575 205 687 275; x_wconf 77' lang='lat' dir='ltr'>Clarin</span> <span class='ocrx_word' id='word_1_8' title='bbox 712 216 746 272; x_wconf 85' lang='lat' dir='ltr'>to</span> <span class='ocrx_word' id='word_1_9' title='bbox 769 205 910 274; x_wconf 81' lang='lat' dir='ltr'>Honor.</span> <span class='ocrx_word' id='word_1_10' title='bbox 1075 229 1135 295; x_wconf 89' lang='lat'>141</span> 
     </span>
    </p>
   </div>
   <div class='ocr_carea' id='block_1_2' title="bbox 77 406 1192 3999">
    <p class='ocr_par' dir='ltr' id='par_1_2' title="bbox 77 406 1191 1796">
     <span class='ocr_line' id='line_1_3' title="bbox 79 406 1139 476; baseline 0.008 -9"><span class='ocrx_word' id='word_1_11' title='bbox 79 414 217 470; x_wconf 87' lang='lat' dir='ltr'>tantum</span> <span class='ocrx_word' id='word_1_12' title='bbox 237 427 385 470; x_wconf 86' lang='lat' dir='ltr'>amorem</span> <span class='ocrx_word' id='word_1_13' title='bbox 404 406 467 472; x_wconf 90' lang='lat' dir='ltr'>sibi</span> <span class='ocrx_word' id='word_1_14' title='bbox 484 407 684 474; x_wconf 86' lang='lat' dir='ltr'>conciliarat</span> <span class='ocrx_word' id='word_1_15' title='bbox 705 431 726 474; x_wconf 91' lang='lat' dir='ltr'>a</span> <span class='ocrx_word' id='word_1_16' title='bbox 749 409 847 475; x_wconf 91' lang='lat' dir='ltr'>nobis</span> <span class='ocrx_word' id='word_1_17' title='bbox 871 410 1051 476; x_wconf 88' lang='lat' dir='ltr'>omnibus:</span> <span class='ocrx_word' id='word_1_18' title='bbox 1076 433 1139 475; x_wconf 90' lang='lat' dir='ltr'>nos</span> 
     </span>
     <span class='ocr_line' id='line_1_4' title="bbox 80 503 1140 598; baseline 0.009 -32"><span class='ocrx_word' id='word_1_19' title='bbox 80 503 280 570; x_wconf 85' lang='lat' dir='ltr'>animorum</span> <span class='ocrx_word' id='word_1_20' title='bbox 308 507 516 572; x_wconf 88' lang='lat' dir='ltr'>incredibilis</span> <span class='ocrx_word' id='word_1_21' title='bbox 543 521 656 574; x_wconf 88' lang='lat' dir='ltr'>motus</span> <span class='ocrx_word' id='word_1_22' title='bbox 681 511 957 596; x_wconf 82' lang='lat' dir='ltr'>celeritatemque</span> <span class='ocrx_word' id='word_1_23' title='bbox 984 511 1140 598; x_wconf 86' lang='lat' dir='ltr'>ingenio·</span> 
     </span>
     <span class='ocr_line' id='line_1_5' title="bbox 78 606 1139 697; baseline 0.007 -29"><span class='ocrx_word' id='word_1_24' title='bbox 78 625 158 669; x_wconf 88' lang='lat' dir='ltr'>rum</span> <span class='ocrx_word' id='word_1_25' title='bbox 186 606 447 694; x_wconf 83' lang='lat' dir='ltr'>neglegemus?</span> <span class='ocrx_word' id='word_1_26' title='bbox 493 624 534 672; x_wconf 76' lang='lat'>18·</span> <span class='ocrx_word' id='word_1_27' title='bbox 559 608 728 692; x_wconf 76' lang='lat' dir='ltr'>Qotiens</span> <span class='ocrx_word' id='word_1_28' title='bbox 756 633 822 697; x_wconf 86' lang='lat' dir='ltr'>ego</span> <span class='ocrx_word' id='word_1_29' title='bbox 855 612 947 675; x_wconf 84' lang='lat' dir='ltr'>bunc</span> <span class='ocrx_word' id='word_1_30' title='bbox 972 610 1139 675; x_wconf 83' lang='lat' dir='ltr'><strong>Archiam</strong></span> 
     </span>
     <span class='ocr_line' id='line_1_6' title="bbox 77 704 1139 798; baseline 0.008 -30"><span class='ocrx_word' id='word_1_31' title='bbox 77 704 165 778; x_wconf 92' lang='lat' dir='ltr'>vidi,</span> <span class='ocrx_word' id='word_1_32' title='bbox 183 705 332 792; x_wconf 87' lang='lat' dir='ltr'>judices,</span> <span class='ocrx_word' id='word_1_33' title='bbox 344 745 390 756; x_wconf 93' lang='lat'>—</span> <span class='ocrx_word' id='word_1_34' title='bbox 402 721 476 772; x_wconf 89' lang='lat' dir='ltr'>utar</span> <span class='ocrx_word' id='word_1_35' title='bbox 493 708 584 773; x_wconf 89' lang='lat' dir='ltr'>enim</span> <span class='ocrx_word' id='word_1_36' title='bbox 602 722 713 774; x_wconf 87' lang='lat' dir='ltr'>vestra</span> <span class='ocrx_word' id='word_1_37' title='bbox 733 709 957 798; x_wconf 68' lang='lat' dir='ltr'>benignitale,</span> <span class='ocrx_word' id='word_1_38' title='bbox 976 711 1139 797; x_wconf 90' lang='lat' dir='ltr'>quoniam</span> 
     </span>
     <span class='ocr_line' id='line_1_7' title="bbox 78 805 1190 897; baseline 0.008 -29"><span class='ocrx_word' id='word_1_39' title='bbox 78 827 137 869; x_wconf 89' lang='lat' dir='ltr'>me</span> <span class='ocrx_word' id='word_1_40' title='bbox 163 805 202 869; x_wconf 91' lang='lat' dir='ltr'>in</span> <span class='ocrx_word' id='word_1_41' title='bbox 228 807 293 872; x_wconf 83' lang='lat' dir='ltr'>hoc</span> <span class='ocrx_word' id='word_1_42' title='bbox 312 830 401 873; x_wconf 90' lang='lat' dir='ltr'>novo</span> <span class='ocrx_word' id='word_1_43' title='bbox 426 831 554 896; x_wconf 82' lang='lat' dir='ltr'>genere</span> <span class='ocrx_word' id='word_1_44' title='bbox 578 811 715 876; x_wconf 87' lang='lat' dir='ltr'>dicendi</span> <span class='ocrx_word' id='word_1_45' title='bbox 738 823 807 876; x_wconf 88' lang='lat' dir='ltr'>tam</span> <span class='ocrx_word' id='word_1_46' title='bbox 833 811 1017 897; x_wconf 79' lang='lat' dir='ltr'>diligenter</span> <span class='ocrx_word' id='word_1_47' title='bbox 1033 823 1139 876; x_wconf 88' lang='lat' dir='ltr'>atten·</span> <span class='ocrx_word' id='word_1_48' title='bbox 1175 837 1190 893; x_wconf 82' lang='lat'>5</span> 
     </span>
     <span class='ocr_line' id='line_1_8' title="bbox 77 906 1141 998; baseline 0.007 -28"><span class='ocrx_word' id='word_1_49' title='bbox 77 906 174 981; x_wconf 91' lang='lat' dir='ltr'>ditis,</span> <span class='ocrx_word' id='word_1_50' title='bbox 188 909 403 994; x_wconf 81' lang='lat' dir='ltr'>—quotiens</span> <span class='ocrx_word' id='word_1_51' title='bbox 420 931 487 998; x_wconf 86' lang='lat' dir='ltr'>ego</span> <span class='ocrx_word' id='word_1_52' title='bbox 511 913 604 976; x_wconf 90' lang='lat' dir='ltr'>hunc</span> <span class='ocrx_word' id='word_1_53' title='bbox 621 911 703 986; x_wconf 87' lang='lat' dir='ltr'>vidi,</span> <span class='ocrx_word' id='word_1_54' title='bbox 723 934 800 976; x_wconf 91' lang='lat' dir='ltr'>cum</span> <span class='ocrx_word' id='word_1_55' title='bbox 823 911 967 978; x_wconf 85' lang='lat' dir='ltr'>litteram</span> <span class='ocrx_word' id='word_1_56' title='bbox 986 911 1141 996; x_wconf 87' lang='lat' dir='ltr'>scripsis-</span> 
     </span>
     <span class='ocr_line' id='line_1_9' title="bbox 78 1009 1139 1098; baseline 0.007 -27"><span class='ocrx_word' id='word_1_57' title='bbox 78 1019 132 1072; x_wconf 86' lang='lat' dir='ltr'>set</span> <span class='ocrx_word' id='word_1_58' title='bbox 149 1009 299 1083; x_wconf 89' lang='lat' dir='ltr'>nullam,</span> <span class='ocrx_word' id='word_1_59' title='bbox 316 1031 480 1098; x_wconf 86' lang='lat' dir='ltr'>magnum</span> <span class='ocrx_word' id='word_1_60' title='bbox 499 1033 679 1076; x_wconf 87' lang='lat' dir='ltr'>numerum</span> <span class='ocrx_word' id='word_1_61' title='bbox 695 1012 900 1097; x_wconf 90' lang='lat' dir='ltr'>optimorum</span> <span class='ocrx_word' id='word_1_62' title='bbox 918 1033 1079 1077; x_wconf 89' lang='lat' dir='ltr'>versuum</span> <span class='ocrx_word' id='word_1_63' title='bbox 1097 1012 1139 1078; x_wconf 87' lang='lat' dir='ltr'>de</span> 
     </span>
     <span class='ocr_line' id='line_1_10' title="bbox 78 1109 1139 1200; baseline 0.004 -28"><span class='ocrx_word' id='word_1_64' title='bbox 78 1109 130 1173; x_wconf 89' lang='lat' dir='ltr'>eis</span> <span class='ocrx_word' id='word_1_65' title='bbox 148 1109 238 1194; x_wconf 91' lang='lat' dir='ltr'>ipsis</span> <span class='ocrx_word' id='word_1_66' title='bbox 255 1112 355 1176; x_wconf 88' lang='lat' dir='ltr'>rebus</span> <span class='ocrx_word' id='word_1_67' title='bbox 372 1133 460 1198; x_wconf 88' lang='lat' dir='ltr'>quae</span> <span class='ocrx_word' id='word_1_68' title='bbox 476 1123 547 1176; x_wconf 91' lang='lat' dir='ltr'>tum</span> <span class='ocrx_word' id='word_1_69' title='bbox 565 1125 749 1200; x_wconf 85' lang='lat' dir='ltr'>agerentur</span> <span class='ocrx_word' id='word_1_70' title='bbox 765 1113 879 1178; x_wconf 88' lang='lat' dir='ltr'>dicere</span> <span class='ocrx_word' id='word_1_71' title='bbox 904 1133 948 1178; x_wconf 88' lang='lat' dir='ltr'>ex</span> <span class='ocrx_word' id='word_1_72' title='bbox 965 1111 1139 1198; x_wconf 83' lang='lat' dir='ltr'>temporel</span> 
     </span>
     <span class='ocr_line' id='line_1_11' title="bbox 80 1208 1140 1296; baseline 0.002 -21"><span class='ocrx_word' id='word_1_73' title='bbox 80 1208 260 1296; x_wconf 69' lang='lat' dir='ltr'>Quotiens</span> <span class='ocrx_word' id='word_1_74' title='bbox 285 1223 481 1276; x_wconf 90' lang='lat' dir='ltr'>revocatum</span> <span class='ocrx_word' id='word_1_75' title='bbox 510 1213 655 1278; x_wconf 88' lang='lat' dir='ltr'>eandem</span> <span class='ocrx_word' id='word_1_76' title='bbox 681 1233 753 1277; x_wconf 91' lang='lat' dir='ltr'>rem</span> <span class='ocrx_word' id='word_1_77' title='bbox 779 1212 906 1288; x_wconf 89' lang='lat' dir='ltr'>dicere,</span> <span class='ocrx_word' id='word_1_78' title='bbox 925 1212 1140 1278; x_wconf 90' lang='lat' dir='ltr'>commutatis</span> 
     </span>
     <span class='ocr_line' id='line_1_12' title="bbox 79 1310 1191 1399; baseline 0.001 -25"><span class='ocrx_word' id='word_1_79' title='bbox 79 1311 201 1376; x_wconf 85' lang='lat' dir='ltr'>verbis</span> <span class='ocrx_word' id='word_1_80' title='bbox 228 1323 329 1397; x_wconf 86' lang='lat' dir='ltr'>atque</span> <span class='ocrx_word' id='word_1_81' title='bbox 354 1310 548 1376; x_wconf 84' lang='lat' dir='ltr'>sententiis!</span> <span class='ocrx_word' id='word_1_82' title='bbox 597 1310 701 1396; x_wconf 71' lang='lat' dir='ltr'>Quae</span> <span class='ocrx_word' id='word_1_83' title='bbox 715 1333 797 1377; x_wconf 88' lang='lat' dir='ltr'>vero</span> <span class='ocrx_word' id='word_1_84' title='bbox 823 1313 986 1377; x_wconf 86' lang='lat' dir='ltr'>adcurate</span> <span class='ocrx_word' id='word_1_85' title='bbox 1012 1311 1142 1399; x_wconf 87' lang='lat' dir='ltr'>cogita·</span> <span class='ocrx_word' id='word_1_86' title='bbox 1160 1338 1191 1375; x_wconf 84' lang='grc' dir='ltr'>ιο</span> 
     </span>
     <span class='ocr_line' id='line_1_13' title="bbox 80 1411 1140 1497; baseline 0 -21"><span class='ocrx_word' id='word_1_87' title='bbox 80 1421 188 1497; x_wconf 86' lang='lat' dir='ltr'>teque</span> <span class='ocrx_word' id='word_1_88' title='bbox 213 1411 416 1497; x_wconf 85' lang='lat' dir='ltr'>scripsisset,</span> <span class='ocrx_word' id='word_1_89' title='bbox 443 1433 484 1478; x_wconf 87' lang='lat' dir='ltr'>ea</span> <span class='ocrx_word' id='word_1_90' title='bbox 508 1412 559 1477; x_wconf 90' lang='lat' dir='ltr'>sic</span> <span class='ocrx_word' id='word_1_91' title='bbox 581 1411 650 1477; x_wconf 93' lang='lat' dir='ltr'>vidi</span> <span class='ocrx_word' id='word_1_92' title='bbox 683 1412 833 1497; x_wconf 89' lang='lat' dir='ltr'>probari,</span> <span class='ocrx_word' id='word_1_93' title='bbox 859 1423 896 1477; x_wconf 94' lang='lat' dir='ltr'>ut</span> <span class='ocrx_word' id='word_1_94' title='bbox 919 1413 964 1477; x_wconf 90' lang='lat' dir='ltr'>ad</span> <span class='ocrx_word' id='word_1_95' title='bbox 987 1424 1140 1477; x_wconf 89' lang='lat' dir='ltr'>veterum</span> 
     </span>
     <span class='ocr_line' id='line_1_14' title="bbox 82 1511 1141 1598; baseline -0.001 -23"><span class='ocrx_word' id='word_1_96' title='bbox 82 1512 292 1596; x_wconf 85' lang='lat' dir='ltr'>scriptorum</span> <span class='ocrx_word' id='word_1_97' title='bbox 317 1512 454 1576; x_wconf 90' lang='lat' dir='ltr'>laudem</span> <span class='ocrx_word' id='word_1_98' title='bbox 488 1512 692 1597; x_wconf 87' lang='lat' dir='ltr'>perveniret.</span> <span class='ocrx_word' id='word_1_99' title='bbox 754 1511 858 1576; x_wconf 90' lang='lat' dir='ltr'>Hunc</span> <span class='ocrx_word' id='word_1_100' title='bbox 882 1533 948 1598; x_wconf 87' lang='lat' dir='ltr'>ego</span> <span class='ocrx_word' id='word_1_101' title='bbox 971 1533 1040 1576; x_wconf 89' lang='lat' dir='ltr'>non</span> <span class='ocrx_word' id='word_1_102' title='bbox 1066 1511 1141 1578; x_wconf 90' lang='lat' dir='ltr'>dili·</span> 
     </span>
     <span class='ocr_line' id='line_1_15' title="bbox 82 1610 1141 1698; baseline 0 -22"><span class='ocrx_word' id='word_1_103' title='bbox 82 1611 195 1698; x_wconf 88' lang='lat' dir='ltr'>gam?</span> <span class='ocrx_word' id='word_1_104' title='bbox 227 1633 295 1678; x_wconf 87' lang='lat' dir='ltr'>non</span> <span class='ocrx_word' id='word_1_105' title='bbox 318 1610 488 1678; x_wconf 86' lang='lat' dir='ltr'>admirer?</span> <span class='ocrx_word' id='word_1_106' title='bbox 519 1634 588 1678; x_wconf 89' lang='lat' dir='ltr'>non</span> <span class='ocrx_word' id='word_1_107' title='bbox 612 1612 706 1678; x_wconf 87' lang='lat' dir='ltr'>omni</span> <span class='ocrx_word' id='word_1_108' title='bbox 730 1613 861 1678; x_wconf 88' lang='lat' dir='ltr'>ratione</span> <span class='ocrx_word' id='word_1_109' title='bbox 885 1612 1141 1684; x_wconf 87' lang='lat' dir='ltr'>defendendum</span> 
     </span>
     <span class='ocr_line' id='line_1_16' title="bbox 83 1711 276 1796; baseline 0 -20"><span class='ocrx_word' id='word_1_110' title='bbox 83 1711 231 1796; x_wconf 89' lang='lat' dir='ltr'>putem?</span> <span class='ocrx_word' id='word_1_111' title='bbox 259 1751 276 1791; x_wconf 59' lang='grc' dir='ltr'>ι,</span> 
     </span>
    </p>

    <p class='ocr_par' dir='ltr' id='par_1_3' title="bbox 85 1811 1192 3999">
     <span class='ocr_line' id='line_1_17' title="bbox 129 1811 1192 1898; baseline -0.002 -22"><span class='ocrx_word' id='word_1_112' title='bbox 129 1811 252 1898; x_wconf 82' lang='lat' dir='ltr'>Atque</span> <span class='ocrx_word' id='word_1_113' title='bbox 269 1812 317 1877; x_wconf 91' lang='lat' dir='ltr'>sic</span> <span class='ocrx_word' id='word_1_114' title='bbox 334 1833 353 1877; x_wconf 92' lang='lat' dir='ltr'>a</span> <span class='ocrx_word' id='word_1_115' title='bbox 371 1812 513 1878; x_wconf 90' lang='lat' dir='ltr'>summis</span> <span class='ocrx_word' id='word_1_116' title='bbox 538 1812 732 1878; x_wconf 89' lang='lat' dir='ltr'>hominibus</span> <span class='ocrx_word' id='word_1_117' title='bbox 757 1812 1061 1898; x_wconf 89' lang='lat' dir='ltr'>eruditissimisque</span> <span class='ocrx_word' id='word_1_118' title='bbox 1085 1831 1141 1874; x_wconf 90' lang='lat' dir='ltr'>ac·</span> <span class='ocrx_word' id='word_1_119' title='bbox 1162 1838 1192 1890; x_wconf 83' lang='lat'>¹5</span> 
     </span>
     <span class='ocr_line' id='line_1_18' title="bbox 85 1913 1142 1996; baseline 0 -20"><span class='ocrx_word' id='word_1_120' title='bbox 85 1913 260 1996; x_wconf 87' lang='lat' dir='ltr'>cepimus,</span> <span class='ocrx_word' id='word_1_121' title='bbox 279 1924 467 1978; x_wconf 88' lang='lat' dir='ltr'>ceterarum</span> <span class='ocrx_word' id='word_1_122' title='bbox 493 1934 605 1976; x_wconf 91' lang='lat' dir='ltr'>rerum</span> <span class='ocrx_word' id='word_1_123' title='bbox 630 1913 741 1976; x_wconf 86' lang='lat' dir='ltr'>studia</span> <span class='ocrx_word' id='word_1_124' title='bbox 766 1925 799 1976; x_wconf 91' lang='lat' dir='ltr'>et</span> <span class='ocrx_word' id='word_1_125' title='bbox 817 1913 970 1978; x_wconf 90' lang='lat' dir='ltr'>doctrina</span> <span class='ocrx_word' id='word_1_126' title='bbox 995 1924 1027 1976; x_wconf 88' lang='lat' dir='ltr'>et</span> <span class='ocrx_word' id='word_1_127' title='bbox 1044 1932 1142 1995; x_wconf 84' lang='lat' dir='ltr'>prae·</span> 
     </span>
     <span class='ocr_line' id='line_1_19' title="bbox 85 2012 1142 2096; baseline 0 -20"><span class='ocrx_word' id='word_1_128' title='bbox 85 2013 198 2096; x_wconf 85' lang='lat' dir='ltr'>ceptis</span> <span class='ocrx_word' id='word_1_129' title='bbox 219 2024 253 2076; x_wconf 90' lang='lat' dir='ltr'>et</span> <span class='ocrx_word' id='word_1_130' title='bbox 269 2024 339 2076; x_wconf 88' lang='lat' dir='ltr'>arte</span> <span class='ocrx_word' id='word_1_131' title='bbox 364 2025 540 2078; x_wconf 85' lang='lat' dir='ltr'>constare:</span> <span class='ocrx_word' id='word_1_132' title='bbox 566 2017 701 2096; x_wconf 75' lang='lat' dir='ltr'>poetam</span> <span class='ocrx_word' id='word_1_133' title='bbox 727 2024 846 2076; x_wconf 88' lang='lat' dir='ltr'>nutura</span> <span class='ocrx_word' id='word_1_134' title='bbox 872 2013 945 2096; x_wconf 86' lang='lat' dir='ltr'>ipsa</span> <span class='ocrx_word' id='word_1_135' title='bbox 963 2012 1090 2082; x_wconf 86' lang='lat' dir='ltr'>valere,</span> <span class='ocrx_word' id='word_1_136' title='bbox 1109 2023 1142 2076; x_wconf 90' lang='lat' dir='ltr'>et</span> 
     </span>
     <span class='ocr_line' id='line_1_20' title="bbox 86 2111 1142 2198; baseline 0.002 -24"><span class='ocrx_word' id='word_1_137' title='bbox 86 2113 215 2177; x_wconf 85' lang='lat' dir='ltr'>mentis</span> <span class='ocrx_word' id='word_1_138' title='bbox 231 2111 359 2178; x_wconf 87' lang='lat' dir='ltr'>viribus</span> <span class='ocrx_word' id='word_1_139' title='bbox 377 2113 530 2186; x_wconf 85' lang='lat' dir='ltr'>excitari,</span> <span class='ocrx_word' id='word_1_140' title='bbox 550 2124 583 2176; x_wconf 86' lang='lat' dir='ltr'>et</span> <span class='ocrx_word' id='word_1_141' title='bbox 597 2112 696 2197; x_wconf 88' lang='lat' dir='ltr'>quasi</span> <span class='ocrx_word' id='word_1_142' title='bbox 716 2113 831 2178; x_wconf 90' lang='lat' dir='ltr'>divino</span> <span class='ocrx_word' id='word_1_143' title='bbox 856 2112 1004 2198; x_wconf 90' lang='lat' dir='ltr'>quodam</span> <span class='ocrx_word' id='word_1_144' title='bbox 1023 2111 1142 2196; x_wconf 90' lang='lat' dir='ltr'>spirita</span> 
     </span>
     <span class='ocr_line' id='line_1_21' title="bbox 85 2210 1142 2300; baseline 0.003 -27"><span class='ocrx_word' id='word_1_145' title='bbox 85 2210 216 2276; x_wconf 88' lang='lat' dir='ltr'>inflari.</span> <span class='ocrx_word' id='word_1_146' title='bbox 266 2210 348 2296; x_wconf 69' lang='lat' dir='ltr'>Qua</span> <span class='ocrx_word' id='word_1_147' title='bbox 374 2235 409 2276; x_wconf 89' lang='lat' dir='ltr'>re</span> <span class='ocrx_word' id='word_1_148' title='bbox 435 2233 495 2278; x_wconf 88' lang='lat' dir='ltr'>sao</span> <span class='ocrx_word' id='word_1_149' title='bbox 520 2213 596 2300; x_wconf 88' lang='lat' dir='ltr'>jure</span> <span class='ocrx_word' id='word_1_150' title='bbox 624 2224 738 2276; x_wconf 87' lang='lat' dir='ltr'>noster</span> <span class='ocrx_word' id='word_1_151' title='bbox 765 2213 822 2276; x_wconf 90' lang='lat' dir='ltr'>ille</span> <span class='ocrx_word' id='word_1_152' title='bbox 847 2211 980 2276; x_wconf 90' lang='lat' dir='ltr'>Ennius</span> <span class='ocrx_word' id='word_1_153' title='bbox 1006 2224 1142 2277; x_wconf 89' lang='lat' dir='ltr'>sanctos</span> 
     </span>
     <span class='ocr_line' id='line_1_22' title="bbox 88 2312 1192 2398; baseline -0.001 -24"><span class='ocrx_word' id='word_1_154' title='bbox 88 2314 243 2397; x_wconf 89' lang='lat' dir='ltr'>appellat</span> <span class='ocrx_word' id='word_1_155' title='bbox 260 2318 390 2398; x_wconf 77' lang='lat' dir='ltr'>poetas,</span> <span class='ocrx_word' id='word_1_156' title='bbox 408 2313 500 2398; x_wconf 93' lang='lat' dir='ltr'>quod</span> <span class='ocrx_word' id='word_1_157' title='bbox 524 2312 621 2398; x_wconf 86' lang='lat' dir='ltr'>quasi</span> <span class='ocrx_word' id='word_1_158' title='bbox 639 2313 780 2376; x_wconf 89' lang='lat' dir='ltr'>deorum</span> <span class='ocrx_word' id='word_1_159' title='bbox 802 2314 916 2398; x_wconf 81' lang='lat' dir='ltr'>aliquo</span> <span class='ocrx_word' id='word_1_160' title='bbox 933 2313 1023 2378; x_wconf 90' lang='lat' dir='ltr'>douo</span> <span class='ocrx_word' id='word_1_161' title='bbox 1041 2324 1141 2397; x_wconf 86' lang='lat' dir='ltr'>atque</span> <span class='ocrx_word' id='word_1_162' title='bbox 1159 2337 1192 2372; x_wconf 83' lang='lat'>20</span> 
     </span>
     <span class='ocr_line' id='line_1_23' title="bbox 88 2411 1143 2479; baseline 0 -4"><span class='ocrx_word' id='word_1_163' title='bbox 88 2434 233 2477; x_wconf 89' lang='lat' dir='ltr'>munere</span> <span class='ocrx_word' id='word_1_164' title='bbox 266 2412 495 2479; x_wconf 88' lang='lat' dir='ltr'>commendati</span> <span class='ocrx_word' id='word_1_165' title='bbox 527 2412 630 2476; x_wconf 88' lang='lat' dir='ltr'>nobis·</span> <span class='ocrx_word' id='word_1_166' title='bbox 657 2433 733 2478; x_wconf 88' lang='lat' dir='ltr'>esse</span> <span class='ocrx_word' id='word_1_167' title='bbox 760 2412 953 2478; x_wconf 88' lang='lat' dir='ltr'>videantur.</span> <span class='ocrx_word' id='word_1_168' title='bbox 1013 2427 1055 2476; x_wconf 76' lang='lat'>19·</span> <span class='ocrx_word' id='word_1_169' title='bbox 1091 2411 1143 2478; x_wconf 90' lang='lat' dir='ltr'>Sit</span> 
     </span>
     <span class='ocr_line' id='line_1_24' title="bbox 87 2511 1141 2600; baseline 0.001 -27"><span class='ocrx_word' id='word_1_170' title='bbox 87 2511 209 2598; x_wconf 85' lang='lat' dir='ltr'>igitur,</span> <span class='ocrx_word' id='word_1_171' title='bbox 231 2513 378 2600; x_wconf 90' lang='lat' dir='ltr'>judices,</span> <span class='ocrx_word' id='word_1_172' title='bbox 401 2525 557 2578; x_wconf 90' lang='lat' dir='ltr'>sanctum</span> <span class='ocrx_word' id='word_1_173' title='bbox 582 2512 672 2596; x_wconf 89' lang='lat' dir='ltr'>apud</span> <span class='ocrx_word' id='word_1_174' title='bbox 692 2533 764 2584; x_wconf 92' lang='lat' dir='ltr'>vos,</span> <span class='ocrx_word' id='word_1_175' title='bbox 791 2511 1057 2576; x_wconf 88' lang='lat' dir='ltr'>humanissimos</span> <span class='ocrx_word' id='word_1_176' title='bbox 1083 2511 1141 2574; x_wconf 89' lang='lat' dir='ltr'>ho·</span> 
     </span>
     <span class='ocr_line' id='line_1_25' title="bbox 88 2611 1143 2697; baseline -0.001 -22"><span class='ocrx_word' id='word_1_177' title='bbox 88 2614 215 2688; x_wconf 88' lang='lat' dir='ltr'>mines,</span> <span class='ocrx_word' id='word_1_178' title='bbox 235 2615 301 2678; x_wconf 91' lang='lat' dir='ltr'>hoc</span> <span class='ocrx_word' id='word_1_179' title='bbox 328 2617 447 2697; x_wconf 81' lang='lat' dir='ltr'>poe&#39;tae</span> <span class='ocrx_word' id='word_1_180' title='bbox 473 2633 612 2684; x_wconf 88' lang='lat' dir='ltr'>nomen,</span> <span class='ocrx_word' id='word_1_181' title='bbox 638 2612 730 2697; x_wconf 95' lang='lat' dir='ltr'>quod</span> <span class='ocrx_word' id='word_1_182' title='bbox 756 2612 851 2676; x_wconf 91' lang='lat' dir='ltr'>nulla</span> <span class='ocrx_word' id='word_1_183' title='bbox 876 2632 1038 2697; x_wconf 86' lang='lat' dir='ltr'>umquam</span> <span class='ocrx_word' id='word_1_184' title='bbox 1065 2611 1143 2674; x_wconf 86' lang='lat' dir='ltr'>bar·</span> 
     </span>
     <span class='ocr_line' id='line_1_26' title="bbox 88 2711 1140 2796; baseline -0.004 -19"><span class='ocrx_word' id='word_1_185' title='bbox 88 2713 188 2778; x_wconf 87' lang='lat' dir='ltr'>baria</span> <span class='ocrx_word' id='word_1_186' title='bbox 213 2713 362 2778; x_wconf 89' lang='lat' dir='ltr'>violavit.</span> <span class='ocrx_word' id='word_1_187' title='bbox 421 2711 515 2776; x_wconf 89' lang='lat' dir='ltr'>Saxa</span> <span class='ocrx_word' id='word_1_188' title='bbox 540 2723 573 2777; x_wconf 90' lang='lat' dir='ltr'>et</span> <span class='ocrx_word' id='word_1_189' title='bbox 596 2711 795 2776; x_wconf 89' lang='lat' dir='ltr'>solitudines</span> <span class='ocrx_word' id='word_1_190' title='bbox 819 2711 896 2775; x_wconf 90' lang='lat' dir='ltr'>voci</span> <span class='ocrx_word' id='word_1_191' title='bbox 920 2712 1140 2796; x_wconf 86' lang='lat' dir='ltr'>respondent,</span> 
     </span>
     <span class='ocr_line' id='line_1_27' title="bbox 88 2811 1189 2898; baseline -0.006 -20"><span class='ocrx_word' id='word_1_192' title='bbox 88 2813 221 2880; x_wconf 87' lang='lat' dir='ltr'>bestiae</span> <span class='ocrx_word' id='word_1_193' title='bbox 245 2835 350 2898; x_wconf 85' lang='lat' dir='ltr'>saepe</span> <span class='ocrx_word' id='word_1_194' title='bbox 374 2813 541 2876; x_wconf 88' lang='lat' dir='ltr'>immanes</span> <span class='ocrx_word' id='word_1_195' title='bbox 565 2824 667 2876; x_wconf 89' lang='lat' dir='ltr'>cantu</span> <span class='ocrx_word' id='word_1_196' title='bbox 692 2811 874 2876; x_wconf 86' lang='lat' dir='ltr'>flectuntur</span> <span class='ocrx_word' id='word_1_197' title='bbox 889 2825 990 2896; x_wconf 88' lang='lat' dir='ltr'>atque</span> <span class='ocrx_word' id='word_1_198' title='bbox 1015 2811 1143 2878; x_wconf 76' lang='lat' dir='ltr'>consis·</span> <span class='ocrx_word' id='word_1_199' title='bbox 1159 2835 1189 2888; x_wconf 80' lang='lat'>²5</span> 
     </span>
     <span class='ocr_line' id='line_1_28' title="bbox 90 2911 1142 2995; baseline -0.002 -17"><span class='ocrx_word' id='word_1_200' title='bbox 90 2925 185 2980; x_wconf 89' lang='lat' dir='ltr'>tunt:</span> <span class='ocrx_word' id='word_1_201' title='bbox 212 2937 285 2988; x_wconf 91' lang='lat' dir='ltr'>nos,</span> <span class='ocrx_word' id='word_1_202' title='bbox 305 2912 444 2978; x_wconf 91' lang='lat' dir='ltr'>instituti</span> <span class='ocrx_word' id='word_1_203' title='bbox 470 2913 572 2976; x_wconf 89' lang='lat' dir='ltr'>rebus</span> <span class='ocrx_word' id='word_1_204' title='bbox 597 2911 747 2995; x_wconf 89' lang='lat' dir='ltr'>optimis,</span> <span class='ocrx_word' id='word_1_205' title='bbox 770 2933 837 2975; x_wconf 90' lang='lat' dir='ltr'>non</span> <span class='ocrx_word' id='word_1_206' title='bbox 864 2916 1040 2995; x_wconf 74' lang='lat' dir='ltr'>poetarum</span> <span class='ocrx_word' id='word_1_207' title='bbox 1059 2931 1142 2976; x_wconf 89' lang='lat' dir='ltr'>voce</span> 
     </span>
     <span class='ocr_line' id='line_1_29' title="bbox 92 3009 1144 3094; baseline -0.002 -18"><span class='ocrx_word' id='word_1_208' title='bbox 92 3012 313 3080; x_wconf 86' lang='lat' dir='ltr'>moveamur?</span> <span class='ocrx_word' id='word_1_209' title='bbox 363 3012 551 3076; x_wconf 88' lang='lat' dir='ltr'>Homerum</span> <span class='ocrx_word' id='word_1_210' title='bbox 578 3009 782 3094; x_wconf 88' lang='lat' dir='ltr'>Colophonii</span> <span class='ocrx_word' id='word_1_211' title='bbox 802 3012 911 3074; x_wconf 87' lang='lat' dir='ltr'>civem</span> <span class='ocrx_word' id='word_1_212' title='bbox 935 3032 1009 3074; x_wconf 88' lang='lat' dir='ltr'>esse</span> <span class='ocrx_word' id='word_1_213' title='bbox 1027 3011 1144 3074; x_wconf 89' lang='lat' dir='ltr'>dicunt</span> 
     </span>
     <span class='ocr_line' id='line_1_30' title="bbox 92 3109 1143 3195; baseline -0.003 -19"><span class='ocrx_word' id='word_1_214' title='bbox 92 3135 206 3189; x_wconf 91' lang='lat' dir='ltr'>suum,</span> <span class='ocrx_word' id='word_1_215' title='bbox 221 3114 300 3181; x_wconf 88' lang='lat' dir='ltr'>Chii</span> <span class='ocrx_word' id='word_1_216' title='bbox 318 3135 415 3178; x_wconf 91' lang='lat' dir='ltr'>suum</span> <span class='ocrx_word' id='word_1_217' title='bbox 434 3112 621 3186; x_wconf 88' lang='lat' dir='ltr'>vindicant,</span> <span class='ocrx_word' id='word_1_218' title='bbox 637 3109 817 3176; x_wconf 86' lang='lat' dir='ltr'>Salaminii</span> <span class='ocrx_word' id='word_1_219' title='bbox 836 3121 1004 3194; x_wconf 88' lang='lat' dir='ltr'>repetunt,</span> <span class='ocrx_word' id='word_1_220' title='bbox 1023 3109 1143 3195; x_wconf 87' lang='lat' dir='ltr'>Smyr·</span> 
     </span>
     <span class='ocr_line' id='line_1_31' title="bbox 94 3210 1141 3295; baseline -0.002 -19"><span class='ocrx_word' id='word_1_221' title='bbox 94 3217 169 3280; x_wconf 87' lang='lat' dir='ltr'>naei</span> <span class='ocrx_word' id='word_1_222' title='bbox 183 3238 264 3281; x_wconf 89' lang='lat' dir='ltr'>vero</span> <span class='ocrx_word' id='word_1_223' title='bbox 281 3237 378 3280; x_wconf 89' lang='lat' dir='ltr'>suum</span> <span class='ocrx_word' id='word_1_224' title='bbox 394 3235 469 3278; x_wconf 88' lang='lat' dir='ltr'>esse</span> <span class='ocrx_word' id='word_1_225' title='bbox 486 3213 701 3289; x_wconf 87' lang='lat' dir='ltr'>confirmant,</span> <span class='ocrx_word' id='word_1_226' title='bbox 715 3210 828 3295; x_wconf 87' lang='lat' dir='ltr'>itaque</span> <span class='ocrx_word' id='word_1_227' title='bbox 845 3211 946 3274; x_wconf 88' lang='lat' dir='ltr'>etiam</span> <span class='ocrx_word' id='word_1_228' title='bbox 961 3211 1141 3278; x_wconf 90' lang='lat' dir='ltr'>delubrum</span> 
     </span>
     <span class='ocr_line' id='line_1_32' title="bbox 95 3309 1190 3402; baseline -0.004 -26"><span class='ocrx_word' id='word_1_229' title='bbox 95 3315 167 3402; x_wconf 86' lang='lat' dir='ltr'>ejus</span> <span class='ocrx_word' id='word_1_230' title='bbox 190 3317 224 3381; x_wconf 92' lang='lat' dir='ltr'>in</span> <span class='ocrx_word' id='word_1_231' title='bbox 249 3315 375 3401; x_wconf 93' lang='lat' dir='ltr'>oppido</span> <span class='ocrx_word' id='word_1_232' title='bbox 398 3312 664 3379; x_wconf 87' lang='lat' dir='ltr'>dedicaverunt:</span> <span class='ocrx_word' id='word_1_233' title='bbox 701 3309 858 3396; x_wconf 90' lang='lat' dir='ltr'>permulti</span> <span class='ocrx_word' id='word_1_234' title='bbox 884 3310 941 3374; x_wconf 91' lang='lat' dir='ltr'>alii</span> <span class='ocrx_word' id='word_1_235' title='bbox 966 3323 1141 3394; x_wconf 87' lang='lat' dir='ltr'>praeterea</span> <span class='ocrx_word' id='word_1_236' title='bbox 1158 3336 1190 3384; x_wconf 83' lang='lat'>30</span> 
     </span>
     <span class='ocr_line' id='line_1_33' title="bbox 95 3409 1142 3504; baseline -0.008 -24"><span class='ocrx_word' id='word_1_237' title='bbox 95 3429 249 3504; x_wconf 88' lang='lat' dir='ltr'>pugnant</span> <span class='ocrx_word' id='word_1_238' title='bbox 280 3416 366 3480; x_wconf 88' lang='lat' dir='ltr'>inter</span> <span class='ocrx_word' id='word_1_239' title='bbox 397 3436 433 3479; x_wconf 90' lang='lat' dir='ltr'>se</span> <span class='ocrx_word' id='word_1_240' title='bbox 465 3426 566 3499; x_wconf 90' lang='lat' dir='ltr'>atque</span> <span class='ocrx_word' id='word_1_241' title='bbox 604 3412 823 3477; x_wconf 84' lang='lat' dir='ltr'>contendunt.</span> <span class='ocrx_word' id='word_1_242' title='bbox 882 3429 932 3474; x_wconf 85' lang='lat' dir='ltr'>rx.</span> <span class='ocrx_word' id='word_1_243' title='bbox 963 3409 1059 3496; x_wconf 89' lang='lat' dir='ltr'>Ergo</span> <span class='ocrx_word' id='word_1_244' title='bbox 1093 3409 1142 3478; x_wconf 86' lang='lat' dir='ltr'>illi</span> 
     </span>
     <span class='ocr_line' id='line_1_34' title="bbox 97 3510 1142 3602; baseline -0.004 -26"><span class='ocrx_word' id='word_1_245' title='bbox 97 3517 256 3596; x_wconf 87' lang='lat' dir='ltr'>alienum,</span> <span class='ocrx_word' id='word_1_246' title='bbox 275 3515 355 3602; x_wconf 92' lang='lat' dir='ltr'>quia</span> <span class='ocrx_word' id='word_1_247' title='bbox 373 3519 472 3599; x_wconf 72' lang='lat' dir='ltr'>poeta</span> <span class='ocrx_word' id='word_1_248' title='bbox 489 3513 562 3588; x_wconf 84' lang='lat' dir='ltr'>suit,</span> <span class='ocrx_word' id='word_1_249' title='bbox 582 3523 816 3597; x_wconf 87' lang='lat' dir='ltr'>postmortem</span> <span class='ocrx_word' id='word_1_250' title='bbox 839 3510 939 3573; x_wconf 90' lang='lat' dir='ltr'>etiam</span> <span class='ocrx_word' id='word_1_251' title='bbox 958 3522 1142 3593; x_wconf 83' lang='lat' dir='ltr'>expetunt:</span> 
     </span>
     <span class='ocr_line' id='line_1_35' title="bbox 97 3610 1140 3699; baseline -0.005 -22"><span class='ocrx_word' id='word_1_252' title='bbox 97 3636 156 3680; x_wconf 91' lang='lat' dir='ltr'>nos</span> <span class='ocrx_word' id='word_1_253' title='bbox 173 3619 264 3680; x_wconf 89' lang='lat' dir='ltr'>hunc</span> <span class='ocrx_word' id='word_1_254' title='bbox 280 3616 408 3688; x_wconf 89' lang='lat' dir='ltr'>vivum,</span> <span class='ocrx_word' id='word_1_255' title='bbox 428 3614 483 3699; x_wconf 91' lang='lat' dir='ltr'>qui</span> <span class='ocrx_word' id='word_1_256' title='bbox 502 3625 534 3678; x_wconf 90' lang='lat' dir='ltr'>et</span> <span class='ocrx_word' id='word_1_257' title='bbox 549 3613 721 3677; x_wconf 87' lang='lat' dir='ltr'>voluntate</span> <span class='ocrx_word' id='word_1_258' title='bbox 738 3623 771 3674; x_wconf 86' lang='lat' dir='ltr'>et</span> <span class='ocrx_word' id='word_1_259' title='bbox 788 3610 922 3696; x_wconf 89' lang='lat' dir='ltr'>legibus</span> <span class='ocrx_word' id='word_1_260' title='bbox 947 3622 1062 3674; x_wconf 87' lang='lat' dir='ltr'>noster</span> <span class='ocrx_word' id='word_1_261' title='bbox 1078 3623 1140 3682; x_wconf 89' lang='lat' dir='ltr'>est,</span> 
     </span>
     <span class='ocr_line' id='line_1_36' title="bbox 98 3709 1142 3800; baseline -0.003 -25"><span class='ocrx_word' id='word_1_262' title='bbox 98 3713 380 3800; x_wconf 84' lang='lat' dir='ltr'>repudiabimus?</span> <span class='ocrx_word' id='word_1_263' title='bbox 415 3712 613 3799; x_wconf 90' lang='lat' dir='ltr'>praesertim</span> <span class='ocrx_word' id='word_1_264' title='bbox 646 3732 725 3776; x_wconf 92' lang='lat' dir='ltr'>cum</span> <span class='ocrx_word' id='word_1_265' title='bbox 756 3731 858 3774; x_wconf 88' lang='lat' dir='ltr'>omne</span> <span class='ocrx_word' id='word_1_266' title='bbox 886 3709 966 3774; x_wconf 88' lang='lat' dir='ltr'>olim</span> <span class='ocrx_word' id='word_1_267' title='bbox 994 3709 1142 3774; x_wconf 90' lang='lat' dir='ltr'>studium</span> 
     </span>
     <span class='ocr_line' id='line_1_37' title="bbox 99 3808 1191 3901; baseline -0.006 -23"><span class='ocrx_word' id='word_1_268' title='bbox 99 3826 195 3901; x_wconf 87' lang='lat' dir='ltr'>atque</span> <span class='ocrx_word' id='word_1_269' title='bbox 223 3836 324 3880; x_wconf 89' lang='lat' dir='ltr'>omne</span> <span class='ocrx_word' id='word_1_270' title='bbox 356 3812 533 3900; x_wconf 87' lang='lat' dir='ltr'>ingenium</span> <span class='ocrx_word' id='word_1_271' title='bbox 565 3810 744 3876; x_wconf 89' lang='lat' dir='ltr'>contulerit</span> <span class='ocrx_word' id='word_1_272' title='bbox 770 3808 920 3875; x_wconf 86' lang='lat' dir='ltr'>Archias</span> <span class='ocrx_word' id='word_1_273' title='bbox 949 3810 992 3872; x_wconf 87' lang='lat' dir='ltr'>ad</span> <span class='ocrx_word' id='word_1_274' title='bbox 1026 3809 1140 3893; x_wconf 88' lang='lat' dir='ltr'>populi</span> <span class='ocrx_word' id='word_1_275' title='bbox 1160 3833 1191 3884; x_wconf 81' lang='lat'>35</span> 
     </span>
     <span class='ocr_line' id='line_1_38' title="bbox 101 3905 1142 3999; baseline -0.009 -20"><span class='ocrx_word' id='word_1_276' title='bbox 101 3911 243 3978; x_wconf 87' lang='lat' dir='ltr'>Romani</span> <span class='ocrx_word' id='word_1_277' title='bbox 269 3914 413 3999; x_wconf 82' lang='lat' dir='ltr'>gloriam</span> <span class='ocrx_word' id='word_1_278' title='bbox 439 3913 645 3996; x_wconf 84' lang='lat' dir='ltr'>laudemque</span> <span class='ocrx_word' id='word_1_279' title='bbox 669 3905 946 3975; x_wconf 83' lang='lat' dir='ltr'>celebrandam?</span> <span class='ocrx_word' id='word_1_280' title='bbox 991 3907 1083 3972; x_wconf 89' lang='lat' dir='ltr'>Nam</span> <span class='ocrx_word' id='word_1_281' title='bbox 1111 3918 1142 3970; x_wconf 88' lang='lat' dir='ltr'>et</span> 
     </span>
    </p>
   </div>
   <div class='ocr_carea' id='block_1_3' title="bbox 0 0 1363 4262">
    <p class='ocr_par' dir='ltr' id='par_1_4' title="bbox 0 0 1363 4262">
     <span class='ocr_line' id='line_1_39' title="bbox 0 0 1363 4262; baseline 0 0"><span class='ocrx_word' id='word_1_282' title='bbox 0 0 1363 4262; x_wconf 95' lang='lat' dir='ltr'> </span> 
     </span>
    </p>
   </div>
  </div>
 </body>
</html>
