<?xml version="1.0" encoding="UTF-8"?>
<!DOCTYPE html PUBLIC "-//W3C//DTD XHTML 1.0 Transitional//EN"
    "http://www.w3.org/TR/xhtml1/DTD/xhtml1-transitional.dtd">
<html xmlns="http://www.w3.org/1999/xhtml" xml:lang="en" lang="en">
 <head>
  <title>
</title>
<meta http-equiv="Content-Type" content="text/html;charset=utf-8" />
  <meta name='ocr-system' content='tesseract 3.04.00' />
  <meta name='ocr-capabilities' content='ocr_page ocr_carea ocr_par ocr_line ocrx_word'/>
</head>
<body>
  <div class='ocr_page' id='page_1' title='image "./selectorationsc00greegoog_0067.png"; bbox 0 0 2714 4266; ppageno 0'>
   <div class='ocr_carea' id='block_1_1' title="bbox 144 167 1327 3951">
    <p class='ocr_par' dir='ltr' id='par_1_1' title="bbox 144 167 1327 3951">
     <span class='ocr_line' id='line_1_1' title="bbox 195 167 1327 264; baseline 0.004 -30"><span class='ocrx_word' id='word_1_1' title='bbox 195 189 240 257; x_wconf 91' lang='lat'>40</span> <span class='ocrx_word' id='word_1_2' title='bbox 475 171 734 258; x_wconf 81' lang='lat' dir='ltr'>Iarpeaclrment</span> <span class='ocrx_word' id='word_1_3' title='bbox 757 173 804 257; x_wconf 86' lang='lat' dir='ltr'>of</span> <span class='ocrx_word' id='word_1_4' title='bbox 826 169 961 236; x_wconf 83' lang='lat' dir='ltr'><em>Verres.</em></span> <span class='ocrx_word' id='word_1_5' title='bbox 1097 167 1255 238; x_wconf 75' lang='lat' dir='ltr'><strong>[VERR·1·</strong></span> <span class='ocrx_word' id='word_1_6' title='bbox 1326 179 1327 264; x_wconf 28' lang='grc' dir='ltr'>ζ</span> 
     </span>
     <span class='ocr_line' id='line_1_2' title="bbox 1326 265 1327 302; baseline 0 0"><span class='ocrx_word' id='word_1_7' title='bbox 1326 265 1327 302; x_wconf 79' lang='lat' dir='ltr'>i</span> 
     </span>
     <span class='ocr_line' id='line_1_3' title="bbox 1326 303 1327 340; baseline 0 0"><span class='ocrx_word' id='word_1_8' title='bbox 1326 303 1327 340; x_wconf 83' lang='lat' dir='ltr'>i</span> 
     </span>
     <span class='ocr_line' id='line_1_4' title="bbox 194 369 1256 457; baseline -0.004 -21"><span class='ocrx_word' id='word_1_9' title='bbox 194 373 264 436; x_wconf 91' lang='lat' dir='ltr'>lere</span> <span class='ocrx_word' id='word_1_10' title='bbox 288 371 419 447; x_wconf 81' lang='lat' dir='ltr'>velle3’</span> <span class='ocrx_word' id='word_1_11' title='bbox 447 382 518 436; x_wconf 87' lang='lat' dir='ltr'>turn</span> <span class='ocrx_word' id='word_1_12' title='bbox 544 393 625 436; x_wconf 87' lang='lat' dir='ltr'>vero</span> <span class='ocrx_word' id='word_1_13' title='bbox 650 395 718 437; x_wconf 93' lang='lat' dir='ltr'>non</span> <span class='ocrx_word' id='word_1_14' title='bbox 743 371 896 457; x_wconf 85' lang='lat' dir='ltr'>strepitu,</span> <span class='ocrx_word' id='word_1_15' title='bbox 918 371 980 436; x_wconf 90' lang='lat' dir='ltr'>sed</span> <span class='ocrx_word' id='word_1_16' title='bbox 1006 371 1157 434; x_wconf 88' lang='lat' dir='ltr'>maximo</span> <span class='ocrx_word' id='word_1_17' title='bbox 1182 369 1256 434; x_wconf 87' lang='lat' dir='ltr'>cla-</span> 
     </span>
     <span class='ocr_line' id='line_1_5' title="bbox 196 470 1327 564; baseline -0.003 -30"><span class='ocrx_word' id='word_1_18' title='bbox 196 493 302 546; x_wconf 86' lang='lat' dir='ltr'>more,</span> <span class='ocrx_word' id='word_1_19' title='bbox 322 493 419 536; x_wconf 88' lang='lat' dir='ltr'>suam</span> <span class='ocrx_word' id='word_1_20' title='bbox 438 473 585 557; x_wconf 91' lang='lat' dir='ltr'>populus</span> <span class='ocrx_word' id='word_1_21' title='bbox 602 472 783 536; x_wconf 91' lang='lat' dir='ltr'>Romanus</span> <span class='ocrx_word' id='word_1_22' title='bbox 801 470 1008 564; x_wconf 84' lang='lat' dir='ltr'>significavit</span> <span class='ocrx_word' id='word_1_23' title='bbox 1025 470 1253 534; x_wconf 85' lang='lat' dir='ltr'>v.oluntate1n</span> <span class='ocrx_word' id='word_1_24' title='bbox 1326 519 1327 546; x_wconf 16' lang='grc' dir='ltr'>ἦ</span> 
     </span>
     <span class='ocr_line' id='line_1_6' title="bbox 148 551 1327 656; baseline -0.003 -20"><span class='ocrx_word' id='word_1_25' title='bbox 148 573 185 590; x_wconf 82' lang='grc'>“““</span> <span class='ocrx_word' id='word_1_26' title='bbox 239 591 315 636; x_wconf 71' lang='lat' dir='ltr'>xva</span> <span class='ocrx_word' id='word_1_27' title='bbox 342 589 388 634; x_wconf 77' lang='lat' dir='ltr'>ro.</span> <span class='ocrx_word' id='word_1_28' title='bbox 413 571 517 635; x_wconf 91' lang='lat' dir='ltr'>Nunc</span> <span class='ocrx_word' id='word_1_29' title='bbox 542 583 655 634; x_wconf 87' lang='lat' dir='ltr'>autem</span> <span class='ocrx_word' id='word_1_30' title='bbox 675 571 856 636; x_wconf 91' lang='lat' dir='ltr'>hommes</span> <span class='ocrx_word' id='word_1_31' title='bbox 848 593 880 633; x_wconf 84' lang='lat' dir='ltr'>rn</span> <span class='ocrx_word' id='word_1_32' title='bbox 900 570 1049 656; x_wconf 82' lang='lat' dir='ltr'>speculis</span> <span class='ocrx_word' id='word_1_33' title='bbox 1066 582 1165 634; x_wconf 91' lang='lat' dir='ltr'>sunt</span> <span class='ocrx_word' id='word_1_34' title='bbox 1193 571 1255 633; x_wconf 90' lang='lat' dir='ltr'>ob·</span> <span class='ocrx_word' id='word_1_35' title='bbox 1326 551 1327 630; x_wconf 71' lang='lat' dir='ltr'>i</span> 
     </span>
     <span class='ocr_line' id='line_1_7' title="bbox 195 671 1327 768; baseline -0.004 -32"><span class='ocrx_word' id='word_1_36' title='bbox 195 686 331 736; x_wconf 88' lang='lat' dir='ltr'>servant</span> <span class='ocrx_word' id='word_1_37' title='bbox 352 693 453 758; x_wconf 90' lang='lat' dir='ltr'>quem</span> <span class='ocrx_word' id='word_1_38' title='bbox 480 671 522 735; x_wconf 88' lang='lat' dir='ltr'>ad</span> <span class='ocrx_word' id='word_1_39' title='bbox 548 671 687 735; x_wconf 90' lang='lat' dir='ltr'>modum</span> <span class='ocrx_word' id='word_1_40' title='bbox 713 693 789 735; x_wconf 88' lang='lat' dir='ltr'>sese</span> <span class='ocrx_word' id='word_1_41' title='bbox 814 693 902 734; x_wconf 89' lang='lat' dir='ltr'>unus</span> <span class='ocrx_word' id='word_1_42' title='bbox 926 671 1070 756; x_wconf 89' lang='lat' dir='ltr'>quisque</span> <span class='ocrx_word' id='word_1_43' title='bbox 1095 681 1255 734; x_wconf 91' lang='lat' dir='ltr'>nostrum</span> <span class='ocrx_word' id='word_1_44' title='bbox 1326 695 1327 768; x_wconf 47' lang='lat' dir='ltr'>q</span> 
     </span>
     <span class='ocr_line' id='line_1_8' title="bbox 162 770 1327 860; baseline -0.008 -20"><span class='ocrx_word' id='word_1_45' title='bbox 162 788 175 840; x_wconf 77' lang='grc'>5</span> <span class='ocrx_word' id='word_1_46' title='bbox 195 784 292 858; x_wconf 83' lang='lat' dir='ltr'>gerat</span> <span class='ocrx_word' id='word_1_47' title='bbox 308 774 342 835; x_wconf 92' lang='lat' dir='ltr'>in</span> <span class='ocrx_word' id='word_1_48' title='bbox 361 771 538 836; x_wconf 90' lang='lat' dir='ltr'>retinenda</span> <span class='ocrx_word' id='word_1_49' title='bbox 559 771 739 857; x_wconf 83' lang='lat' dir='ltr'><strong>religione,</strong></span> <span class='ocrx_word' id='word_1_50' title='bbox 758 770 1071 856; x_wconf 79' lang='lat' dir='ltr'>conservandisque</span> <span class='ocrx_word' id='word_1_51' title='bbox 1096 770 1251 856; x_wconf 88' lang='lat' dir='ltr'>legibus.</span> <span class='ocrx_word' id='word_1_52' title='bbox 1326 779 1327 860; x_wconf 64' lang='lat' dir='ltr'>t</span> 
     </span>
     <span class='ocr_line' id='line_1_9' title="bbox 194 861 1327 958; baseline -0.004 -23"><span class='ocrx_word' id='word_1_53' title='bbox 194 871 322 936; x_wconf 91' lang='lat' dir='ltr'>Vident</span> <span class='ocrx_word' id='word_1_54' title='bbox 335 872 460 945; x_wconf 89' lang='lat' dir='ltr'>adhuc,</span> <span class='ocrx_word' id='word_1_55' title='bbox 474 882 549 957; x_wconf 89' lang='lat' dir='ltr'>post</span> <span class='ocrx_word' id='word_1_56' title='bbox 562 871 677 958; x_wconf 89' lang='lat' dir='ltr'>legem</span> <span class='ocrx_word' id='word_1_57' title='bbox 691 871 920 945; x_wconf 83' lang='lat' dir='ltr'><strong>tribuniciam,</strong></span> <span class='ocrx_word' id='word_1_58' title='bbox 934 891 1041 933; x_wconf 92' lang='lat' dir='ltr'>unum</span> <span class='ocrx_word' id='word_1_59' title='bbox 1054 881 1254 934; x_wconf 84' lang='lat' dir='ltr'>senatorem</span> <span class='ocrx_word' id='word_1_60' title='bbox 1326 861 1327 896; x_wconf 60' lang='lat'>³</span> 
     </span>
     <span class='ocr_line' id='line_1_10' title="bbox 195 969 1327 1056; baseline -0.004 -22"><span class='ocrx_word' id='word_1_61' title='bbox 195 973 368 1036; x_wconf 87' lang='lat' dir='ltr'>hominem</span> <span class='ocrx_word' id='word_1_62' title='bbox 386 973 439 1035; x_wconf 87' lang='lat' dir='ltr'>vel</span> <span class='ocrx_word' id='word_1_63' title='bbox 458 971 693 1036; x_wconf 87' lang='lat' dir='ltr'>tenuissimum</span> <span class='ocrx_word' id='word_1_64' title='bbox 713 991 787 1034; x_wconf 91' lang='lat' dir='ltr'>esse</span> <span class='ocrx_word' id='word_1_65' title='bbox 805 971 1027 1035; x_wconf 87' lang='lat' dir='ltr'>damnatum:</span> <span class='ocrx_word' id='word_1_66' title='bbox 1052 969 1142 1056; x_wconf 92' lang='lat' dir='ltr'>quod</span> <span class='ocrx_word' id='word_1_67' title='bbox 1162 979 1254 1032; x_wconf 87' lang='lat' dir='ltr'>tam·</span> <span class='ocrx_word' id='word_1_68' title='bbox 1326 987 1327 996; x_wconf 56' lang='lat'>¹</span> 
     </span>
     <span class='ocr_line' id='line_1_11' title="bbox 186 1062 1327 1164; baseline -0.004 -28"><span class='ocrx_word' id='word_1_69' title='bbox 186 1071 257 1136; x_wconf 72' lang='lat' dir='ltr'>‘etsi</span> <span class='ocrx_word' id='word_1_70' title='bbox 281 1093 348 1136; x_wconf 90' lang='lat' dir='ltr'>non</span> <span class='ocrx_word' id='word_1_71' title='bbox 374 1072 640 1156; x_wconf 86' lang='lat' dir='ltr'>reprehendunt,</span> <span class='ocrx_word' id='word_1_72' title='bbox 661 1083 775 1134; x_wconf 90' lang='lat' dir='ltr'>tamen</span> <span class='ocrx_word' id='word_1_73' title='bbox 798 1062 927 1158; x_wconf 82' lang='lat' dir='ltr'>r&#39;nagno</span> <span class='ocrx_word' id='word_1_74' title='bbox 945 1091 1048 1155; x_wconf 89' lang='lat' dir='ltr'>opere</span> <span class='ocrx_word' id='word_1_75' title='bbox 1065 1069 1158 1155; x_wconf 93' lang='lat' dir='ltr'>quod</span> <span class='ocrx_word' id='word_1_76' title='bbox 1175 1069 1252 1132; x_wconf 87' lang='lat' dir='ltr'>lau·</span> <span class='ocrx_word' id='word_1_77' title='bbox 1326 1125 1327 1164; x_wconf 30' lang='grc' dir='ltr'>ἢ</span> 
     </span>
     <span class='ocr_line' id='line_1_12' title="bbox 195 1170 1327 1256; baseline -0.004 -20"><span class='ocrx_word' id='word_1_78' title='bbox 195 1173 275 1236; x_wconf 90' lang='lat' dir='ltr'>dent</span> <span class='ocrx_word' id='word_1_79' title='bbox 286 1195 353 1236; x_wconf 92' lang='lat' dir='ltr'>non</span> <span class='ocrx_word' id='word_1_80' title='bbox 367 1173 504 1236; x_wconf 89' lang='lat' dir='ltr'>habent.</span> <span class='ocrx_word' id='word_1_81' title='bbox 531 1171 638 1235; x_wconf 91' lang='lat' dir='ltr'>Nulla</span> <span class='ocrx_word' id='word_1_82' title='bbox 650 1182 700 1235; x_wconf 89' lang='lat' dir='ltr'>est</span> <span class='ocrx_word' id='word_1_83' title='bbox 711 1170 801 1235; x_wconf 89' lang='lat' dir='ltr'>enirn</span> <span class='ocrx_word' id='word_1_84' title='bbox 816 1173 903 1245; x_wconf 89' lang='lat' dir='ltr'>laus,</span> <span class='ocrx_word' id='word_1_85' title='bbox 917 1171 962 1234; x_wconf 92' lang='lat' dir='ltr'>ibi</span> <span class='ocrx_word' id='word_1_86' title='bbox 975 1192 1048 1235; x_wconf 86' lang='lat' dir='ltr'>esse</span> <span class='ocrx_word' id='word_1_87' title='bbox 1061 1170 1250 1256; x_wconf 87' lang='lat' dir='ltr'>integrum,</span> <span class='ocrx_word' id='word_1_88' title='bbox 1326 1179 1327 1246; x_wconf 74' lang='lat' dir='ltr'>t</span> 
     </span>
     <span class='ocr_line' id='line_1_13' title="bbox 146 1271 1327 1360; baseline -0.002 -26"><span class='ocrx_word' id='word_1_89' title='bbox 146 1291 176 1326; x_wconf 78' lang='grc' dir='ltr'>ιο</span> <span class='ocrx_word' id='word_1_90' title='bbox 195 1272 252 1336; x_wconf 93' lang='lat' dir='ltr'>ubi</span> <span class='ocrx_word' id='word_1_91' title='bbox 278 1293 377 1336; x_wconf 91' lang='lat' dir='ltr'>nemo</span> <span class='ocrx_word' id='word_1_92' title='bbox 403 1271 533 1357; x_wconf 91' lang='lat' dir='ltr'>estqui</span> <span class='ocrx_word' id='word_1_93' title='bbox 558 1284 615 1335; x_wconf 89' lang='lat' dir='ltr'>aut</span> <span class='ocrx_word' id='word_1_94' title='bbox 639 1272 745 1357; x_wconf 87' lang='lat' dir='ltr'>possit</span> <span class='ocrx_word' id='word_1_95' title='bbox 770 1283 827 1335; x_wconf 89' lang='lat' dir='ltr'>aut</span> <span class='ocrx_word' id='word_1_96' title='bbox 849 1283 991 1336; x_wconf 90' lang='lat' dir='ltr'>conetur</span> <span class='ocrx_word' id='word_1_97' title='bbox 1013 1290 1248 1354; x_wconf 91' lang='lat' dir='ltr'>corrumpere.</span> <span class='ocrx_word' id='word_1_98' title='bbox 1326 1283 1327 1360; x_wconf 70' lang='lat' dir='ltr'>t</span> 
     </span>
     <span class='ocr_line' id='line_1_14' title="bbox 194 1365 1327 1459; baseline 0.001 -26"><span class='ocrx_word' id='word_1_99' title='bbox 194 1388 239 1434; x_wconf 77' lang='lat' dir='ltr'>rr.</span> <span class='ocrx_word' id='word_1_100' title='bbox 266 1371 342 1436; x_wconf 91' lang='lat' dir='ltr'>Hoc</span> <span class='ocrx_word' id='word_1_101' title='bbox 367 1383 416 1435; x_wconf 90' lang='lat' dir='ltr'>est</span> <span class='ocrx_word' id='word_1_102' title='bbox 436 1371 617 1459; x_wconf 88' lang='lat' dir='ltr'>judicium,</span> <span class='ocrx_word' id='word_1_103' title='bbox 636 1373 670 1434; x_wconf 91' lang='lat' dir='ltr'>in</span> <span class='ocrx_word' id='word_1_104' title='bbox 696 1394 762 1459; x_wconf 92' lang='lat' dir='ltr'>quo</span> <span class='ocrx_word' id='word_1_105' title='bbox 782 1394 843 1436; x_wconf 91' lang='lat' dir='ltr'>vos</span> <span class='ocrx_word' id='word_1_106' title='bbox 860 1373 904 1436; x_wconf 90' lang='lat' dir='ltr'>de</span> <span class='ocrx_word' id='word_1_107' title='bbox 920 1394 992 1445; x_wconf 87' lang='lat' dir='ltr'>reo,</span> <span class='ocrx_word' id='word_1_108' title='bbox 1012 1372 1158 1457; x_wconf 89' lang='lat' dir='ltr'>populus</span> <span class='ocrx_word' id='word_1_109' title='bbox 1176 1369 1252 1434; x_wconf 92' lang='lat' dir='ltr'>Ro·</span> <span class='ocrx_word' id='word_1_110' title='bbox 1326 1365 1327 1390; x_wconf 63' lang='lat'><em>³</em></span> 
     </span>
     <span class='ocr_line' id='line_1_15' title="bbox 195 1472 1248 1558; baseline -0.003 -23"><span class='ocrx_word' id='word_1_111' title='bbox 195 1493 317 1536; x_wconf 88' lang='lat' dir='ltr'>manus</span> <span class='ocrx_word' id='word_1_112' title='bbox 339 1473 381 1535; x_wconf 90' lang='lat' dir='ltr'>de</span> <span class='ocrx_word' id='word_1_113' title='bbox 406 1472 500 1536; x_wconf 91' lang='lat' dir='ltr'>vobis</span> <span class='ocrx_word' id='word_1_114' title='bbox 522 1473 700 1558; x_wconf 66' lang='lat' dir='ltr'>judicabit,</span> <span class='ocrx_word' id='word_1_115' title='bbox 751 1473 790 1536; x_wconf 87' lang='lat' dir='ltr'>ln</span> <span class='ocrx_word' id='word_1_116' title='bbox 817 1473 882 1537; x_wconf 88' lang='lat' dir='ltr'>hoc</span> <span class='ocrx_word' id='word_1_117' title='bbox 908 1473 1045 1537; x_wconf 90' lang='lat' dir='ltr'>homine</span> <span class='ocrx_word' id='word_1_118' title='bbox 1070 1482 1248 1546; x_wconf 87' lang='lat' dir='ltr'>statuetur,</span> 
     </span>
     <span class='ocr_line' id='line_1_16' title="bbox 195 1570 1327 1659; baseline -0.004 -23"><span class='ocrx_word' id='word_1_119' title='bbox 195 1571 357 1656; x_wconf 85' lang='lat' dir='ltr'>possitne,</span> <span class='ocrx_word' id='word_1_120' title='bbox 392 1572 603 1635; x_wconf 88' lang='lat' dir='ltr'>senatoribus</span> <span class='ocrx_word' id='word_1_121' title='bbox 631 1572 878 1659; x_wconf 87' lang='lat' dir='ltr'>judicantibus,</span> <span class='ocrx_word' id='word_1_122' title='bbox 912 1573 1016 1638; x_wconf 91' lang='lat' dir='ltr'>homo</span> <span class='ocrx_word' id='word_1_123' title='bbox 1048 1570 1250 1637; x_wconf 90' lang='lat' dir='ltr'>nocentissi-</span> <span class='ocrx_word' id='word_1_124' title='bbox 1326 1629 1327 1650; x_wconf 13' lang='grc' dir='ltr'><strong>ξ</strong></span> 
     </span>
     <span class='ocr_line' id='line_1_17' title="bbox 195 1671 1249 1758; baseline 0 -24"><span class='ocrx_word' id='word_1_125' title='bbox 195 1694 270 1735; x_wconf 89' lang='lat' dir='ltr'>mus</span> <span class='ocrx_word' id='word_1_126' title='bbox 296 1671 664 1758; x_wconf 87' lang='lat' dir='ltr'>pecuniosissimusque</span> <span class='ocrx_word' id='word_1_127' title='bbox 690 1673 859 1737; x_wconf 87' lang='lat' dir='ltr'>damnari.</span> <span class='ocrx_word' id='word_1_128' title='bbox 925 1672 1060 1737; x_wconf 90' lang='lat' dir='ltr'>Deinde</span> <span class='ocrx_word' id='word_1_129' title='bbox 1092 1683 1143 1736; x_wconf 90' lang='lat' dir='ltr'>est</span> <span class='ocrx_word' id='word_1_130' title='bbox 1173 1671 1249 1758; x_wconf 91' lang='lat' dir='ltr'>ejus</span> 
     </span>
     <span class='ocr_line' id='line_1_18' title="bbox 147 1771 1249 1858; baseline -0.001 -24"><span class='ocrx_word' id='word_1_131' title='bbox 147 1793 176 1842; x_wconf 83' lang='lat'>15</span> <span class='ocrx_word' id='word_1_132' title='bbox 195 1771 286 1835; x_wconf 94' lang='lat' dir='ltr'>modi</span> <span class='ocrx_word' id='word_1_133' title='bbox 315 1793 404 1843; x_wconf 88' lang='lat' dir='ltr'>reus,</span> <span class='ocrx_word' id='word_1_134' title='bbox 432 1772 465 1834; x_wconf 93' lang='lat' dir='ltr'>in</span> <span class='ocrx_word' id='word_1_135' title='bbox 495 1793 562 1856; x_wconf 94' lang='lat' dir='ltr'>quo</span> <span class='ocrx_word' id='word_1_136' title='bbox 592 1773 729 1837; x_wconf 91' lang='lat' dir='ltr'>homine</span> <span class='ocrx_word' id='word_1_137' title='bbox 757 1773 843 1837; x_wconf 91' lang='lat' dir='ltr'>nihil</span> <span class='ocrx_word' id='word_1_138' title='bbox 872 1773 926 1848; x_wconf 88' lang='lat' dir='ltr'>sit,</span> <span class='ocrx_word' id='word_1_139' title='bbox 951 1785 1085 1858; x_wconf 87' lang='lat' dir='ltr'>praeter</span> <span class='ocrx_word' id='word_1_140' title='bbox 1113 1791 1249 1834; x_wconf 90' lang='lat' dir='ltr'>summa</span> 
     </span>
     <span class='ocr_line' id='line_1_19' title="bbox 194 1871 1327 1960; baseline 0 -25"><span class='ocrx_word' id='word_1_141' title='bbox 194 1884 335 1957; x_wconf 89' lang='lat' dir='ltr'>peccata</span> <span class='ocrx_word' id='word_1_142' title='bbox 362 1871 616 1958; x_wconf 84' lang='lat' dir='ltr'>maximamque</span> <span class='ocrx_word' id='word_1_143' title='bbox 642 1873 845 1958; x_wconf 87' lang='lat' dir='ltr'>pecuniam3</span> <span class='ocrx_word' id='word_1_144' title='bbox 878 1886 927 1948; x_wconf 80' lang='lat' dir='ltr'>ut,</span> <span class='ocrx_word' id='word_1_145' title='bbox 954 1875 981 1938; x_wconf 91' lang='lat' dir='ltr'>si</span> <span class='ocrx_word' id='word_1_146' title='bbox 1007 1875 1168 1937; x_wconf 87' lang='lat' dir='ltr'>liberatus</span> <span class='ocrx_word' id='word_1_147' title='bbox 1191 1872 1246 1945; x_wconf 89' lang='lat' dir='ltr'>sit,</span> <span class='ocrx_word' id='word_1_148' title='bbox 1326 1893 1327 1960; x_wconf 35' lang='grc' dir='ltr'>ζ</span> 
     </span>
     <span class='ocr_line' id='line_1_20' title="bbox 158 1963 1327 2060; baseline 0.001 -26"><span class='ocrx_word' id='word_1_149' title='bbox 158 1963 161 1969; x_wconf 58' lang='grc'>’</span> <span class='ocrx_word' id='word_1_150' title='bbox 195 1973 288 2035; x_wconf 90' lang='lat' dir='ltr'>nulla</span> <span class='ocrx_word' id='word_1_151' title='bbox 309 1972 376 2034; x_wconf 87' lang='lat' dir='ltr'>alia</span> <span class='ocrx_word' id='word_1_152' title='bbox 400 1972 554 2055; x_wconf 89' lang='lat' dir='ltr'>suspitio,</span> <span class='ocrx_word' id='word_1_153' title='bbox 583 1973 648 2037; x_wconf 92' lang='lat' dir='ltr'>nisi</span> <span class='ocrx_word' id='word_1_154' title='bbox 673 1994 827 2060; x_wconf 90' lang='lat' dir='ltr'>eaquae</span> <span class='ocrx_word' id='word_1_155' title='bbox 853 1975 1049 2059; x_wconf 88' lang='lat' dir='ltr'>turpissima</span> <span class='ocrx_word' id='word_1_156' title='bbox 1078 1984 1141 2046; x_wconf 89' lang='lat' dir='ltr'>est,</span> <span class='ocrx_word' id='word_1_157' title='bbox 1165 1973 1248 2036; x_wconf 59' lang='lat' dir='ltr'>resir</span> <span class='ocrx_word' id='word_1_158' title='bbox 1326 1971 1327 1976; x_wconf 67' lang='grc'>’</span> 
     </span>
     <span class='ocr_line' id='line_1_21' title="bbox 194 2067 1327 2162; baseline 0 -26"><span class='ocrx_word' id='word_1_159' title='bbox 194 2073 274 2136; x_wconf 89' lang='lat' dir='ltr'>dere</span> <span class='ocrx_word' id='word_1_160' title='bbox 304 2073 421 2156; x_wconf 87' lang='lat' dir='ltr'>possit.</span> <span class='ocrx_word' id='word_1_161' title='bbox 471 2067 550 2136; x_wconf 93' lang='lat' dir='ltr'>Non</span> <span class='ocrx_word' id='word_1_162' title='bbox 580 2073 704 2160; x_wconf 86' lang='lat' dir='ltr'>gratia,</span> <span class='ocrx_word' id='word_1_163' title='bbox 731 2096 799 2138; x_wconf 94' lang='lat' dir='ltr'>non</span> <span class='ocrx_word' id='word_1_164' title='bbox 828 2076 1046 2162; x_wconf 81' lang='lat' dir='ltr'>cognatione,</span> <span class='ocrx_word' id='word_1_165' title='bbox 1073 2095 1141 2138; x_wconf 93' lang='lat' dir='ltr'>non</span> <span class='ocrx_word' id='word_1_166' title='bbox 1171 2072 1248 2136; x_wconf 88' lang='lat' dir='ltr'>aliis</span> <span class='ocrx_word' id='word_1_167' title='bbox 1326 2093 1327 2108; x_wconf 57' lang='lat'>³</span> 
     </span>
     <span class='ocr_line' id='line_1_22' title="bbox 194 2171 1249 2260; baseline 0.003 -25"><span class='ocrx_word' id='word_1_168' title='bbox 194 2183 284 2235; x_wconf 89' lang='lat' dir='ltr'>recte</span> <span class='ocrx_word' id='word_1_169' title='bbox 301 2171 411 2246; x_wconf 82' lang='lat' dir='ltr'>sactis,</span> <span class='ocrx_word' id='word_1_170' title='bbox 431 2194 499 2236; x_wconf 94' lang='lat' dir='ltr'>non</span> <span class='ocrx_word' id='word_1_171' title='bbox 517 2173 663 2260; x_wconf 90' lang='lat' dir='ltr'>denique</span> <span class='ocrx_word' id='word_1_172' title='bbox 683 2174 797 2260; x_wconf 87' lang='lat' dir='ltr'>aliquo</span> <span class='ocrx_word' id='word_1_173' title='bbox 814 2175 977 2239; x_wconf 88' lang='lat' dir='ltr'>mediocri</span> <span class='ocrx_word' id='word_1_174' title='bbox 993 2174 1088 2250; x_wconf 89' lang='lat' dir='ltr'>vitio,</span> <span class='ocrx_word' id='word_1_175' title='bbox 1107 2184 1155 2238; x_wconf 89' lang='lat' dir='ltr'>tot</span> <span class='ocrx_word' id='word_1_176' title='bbox 1172 2184 1249 2238; x_wconf 85' lang='lat' dir='ltr'>tan-</span> 
     </span>
     <span class='ocr_line' id='line_1_23' title="bbox 145 2271 1327 2360; baseline 0.002 -24"><span class='ocrx_word' id='word_1_177' title='bbox 145 2292 176 2325; x_wconf 87' lang='lat'>20</span> <span class='ocrx_word' id='word_1_178' title='bbox 193 2285 295 2359; x_wconf 89' lang='lat' dir='ltr'>taque</span> <span class='ocrx_word' id='word_1_179' title='bbox 313 2272 385 2358; x_wconf 88' lang='lat' dir='ltr'>ejus</span> <span class='ocrx_word' id='word_1_180' title='bbox 402 2271 482 2336; x_wconf 88' lang='lat' dir='ltr'>vitia</span> <span class='ocrx_word' id='word_1_181' title='bbox 500 2274 677 2337; x_wconf 87' lang='lat' dir='ltr'>sublevata</span> <span class='ocrx_word' id='word_1_182' title='bbox 695 2295 769 2338; x_wconf 90' lang='lat' dir='ltr'>esse</span> <span class='ocrx_word' id='word_1_183' title='bbox 786 2274 1003 2339; x_wconf 90' lang='lat' dir='ltr'>videbuntur.</span> <span class='ocrx_word' id='word_1_184' title='bbox 1326 2333 1327 2360; x_wconf 25' lang='lat' dir='ltr'>q</span> 
     </span>
     <span class='ocr_line' id='line_1_24' title="bbox 238 2371 1247 2462; baseline 0.005 -28"><span class='ocrx_word' id='word_1_185' title='bbox 238 2389 283 2434; x_wconf 78' lang='lat'>48.</span> <span class='ocrx_word' id='word_1_186' title='bbox 307 2371 484 2436; x_wconf 88' lang='lat' dir='ltr'>Postremo</span> <span class='ocrx_word' id='word_1_187' title='bbox 509 2395 575 2459; x_wconf 85' lang='lat' dir='ltr'>ego</span> <span class='ocrx_word' id='word_1_188' title='bbox 601 2395 740 2437; x_wconf 90' lang='lat' dir='ltr'>causam</span> <span class='ocrx_word' id='word_1_189' title='bbox 766 2374 816 2438; x_wconf 90' lang='lat' dir='ltr'>sic</span> <span class='ocrx_word' id='word_1_190' title='bbox 841 2395 958 2460; x_wconf 84' lang='lat' dir='ltr'>agam,</span> <span class='ocrx_word' id='word_1_191' title='bbox 985 2373 1140 2462; x_wconf 85' lang='lat' dir='ltr'>judices:</span> <span class='ocrx_word' id='word_1_192' title='bbox 1173 2375 1247 2461; x_wconf 89' lang='lat' dir='ltr'>ejus</span> 
     </span>
     <span class='ocr_line' id='line_1_25' title="bbox 194 2472 1248 2562; baseline 0.005 -27"><span class='ocrx_word' id='word_1_193' title='bbox 194 2472 286 2537; x_wconf 92' lang='lat' dir='ltr'>modi</span> <span class='ocrx_word' id='word_1_194' title='bbox 300 2494 368 2546; x_wconf 79' lang='lat' dir='ltr'>res,</span> <span class='ocrx_word' id='word_1_195' title='bbox 384 2472 429 2535; x_wconf 90' lang='lat' dir='ltr'>ita</span> <span class='ocrx_word' id='word_1_196' title='bbox 443 2485 554 2548; x_wconf 86' lang='lat' dir='ltr'>notas,</span> <span class='ocrx_word' id='word_1_197' title='bbox 568 2474 614 2537; x_wconf 90' lang='lat' dir='ltr'>ita</span> <span class='ocrx_word' id='word_1_198' title='bbox 627 2484 778 2548; x_wconf 85' lang='lat' dir='ltr'>testatas,</span> <span class='ocrx_word' id='word_1_199' title='bbox 794 2473 839 2538; x_wconf 91' lang='lat' dir='ltr'>ita</span> <span class='ocrx_word' id='word_1_200' title='bbox 854 2496 1013 2562; x_wconf 79' lang='lat' dir='ltr'>magnas,</span> <span class='ocrx_word' id='word_1_201' title='bbox 1026 2475 1072 2540; x_wconf 90' lang='lat' dir='ltr'>ita</span> <span class='ocrx_word' id='word_1_202' title='bbox 1087 2475 1248 2540; x_wconf 90' lang='lat' dir='ltr'>manifes-</span> 
     </span>
     <span class='ocr_line' id='line_1_26' title="bbox 171 2573 1249 2660; baseline 0.002 -24"><span class='ocrx_word' id='word_1_203' title='bbox 171 2608 172 2611; x_wconf 34' lang='lat'>¹</span> <span class='ocrx_word' id='word_1_204' title='bbox 193 2584 245 2636; x_wconf 94' lang='lat' dir='ltr'>tas</span> <span class='ocrx_word' id='word_1_205' title='bbox 263 2573 447 2657; x_wconf 83' lang='lat' dir='ltr'>proferam,</span> <span class='ocrx_word' id='word_1_206' title='bbox 466 2584 502 2635; x_wconf 90' lang='lat' dir='ltr'>ut</span> <span class='ocrx_word' id='word_1_207' title='bbox 518 2595 620 2638; x_wconf 90' lang='lat' dir='ltr'>nemo</span> <span class='ocrx_word' id='word_1_208' title='bbox 638 2595 657 2637; x_wconf 89' lang='lat' dir='ltr'>a</span> <span class='ocrx_word' id='word_1_209' title='bbox 675 2574 772 2638; x_wconf 91' lang='lat' dir='ltr'>vobis</span> <span class='ocrx_word' id='word_1_210' title='bbox 794 2586 831 2638; x_wconf 93' lang='lat' dir='ltr'>ut</span> <span class='ocrx_word' id='word_1_211' title='bbox 855 2574 956 2638; x_wconf 90' lang='lat' dir='ltr'>istum</span> <span class='ocrx_word' id='word_1_212' title='bbox 983 2576 1166 2640; x_wconf 87' lang='lat' dir='ltr'>absolvatis</span> <span class='ocrx_word' id='word_1_213' title='bbox 1186 2597 1249 2660; x_wconf 88' lang='lat' dir='ltr'>per</span> 
     </span>
     <span class='ocr_line' id='line_1_27' title="bbox 195 2673 1246 2759; baseline 0.003 -24"><span class='ocrx_word' id='word_1_214' title='bbox 195 2673 339 2759; x_wconf 84' lang='lat' dir='ltr'>gratiam</span> <span class='ocrx_word' id='word_1_215' title='bbox 370 2685 511 2736; x_wconf 85' lang='lat' dir='ltr'>conetur</span> <span class='ocrx_word' id='word_1_216' title='bbox 539 2676 757 2738; x_wconf 87' lang='lat' dir='ltr'>contendere.</span> <span class='ocrx_word' id='word_1_217' title='bbox 824 2673 947 2739; x_wconf 83' lang='lat' dir='ltr'>Habeo</span> <span class='ocrx_word' id='word_1_218' title='bbox 977 2688 1090 2739; x_wconf 89' lang='lat' dir='ltr'>autem</span> <span class='ocrx_word' id='word_1_219' title='bbox 1117 2687 1246 2740; x_wconf 87' lang='lat' dir='ltr'>certam</span> 
     </span>
     <span class='ocr_line' id='line_1_28' title="bbox 146 2770 1246 2860; baseline 0.004 -25"><span class='ocrx_word' id='word_1_220' title='bbox 146 2791 176 2841; x_wconf 81' lang='lat'>25</span> <span class='ocrx_word' id='word_1_221' title='bbox 194 2772 285 2836; x_wconf 88' lang='lat' dir='ltr'>viam</span> <span class='ocrx_word' id='word_1_222' title='bbox 311 2784 411 2858; x_wconf 89' lang='lat' dir='ltr'>atque</span> <span class='ocrx_word' id='word_1_223' title='bbox 435 2773 615 2848; x_wconf 89' lang='lat' dir='ltr'>rationem,</span> <span class='ocrx_word' id='word_1_224' title='bbox 639 2794 707 2860; x_wconf 87' lang='lat' dir='ltr'>qua</span> <span class='ocrx_word' id='word_1_225' title='bbox 731 2774 842 2838; x_wconf 90' lang='lat' dir='ltr'>omnis</span> <span class='ocrx_word' id='word_1_226' title='bbox 867 2770 1003 2839; x_wconf 92' lang='lat' dir='ltr'>illorum</span> <span class='ocrx_word' id='word_1_227' title='bbox 1028 2788 1169 2840; x_wconf 88' lang='lat' dir='ltr'>conatus</span> <span class='ocrx_word' id='word_1_228' title='bbox 1195 2776 1246 2839; x_wconf 92' lang='lat' dir='ltr'>in-</span> 
     </span>
     <span class='ocr_line' id='line_1_29' title="bbox 193 2872 1247 2962; baseline 0.005 -27"><span class='ocrx_word' id='word_1_229' title='bbox 193 2872 365 2958; x_wconf 85' lang='lat' dir='ltr'>vestigare</span> <span class='ocrx_word' id='word_1_230' title='bbox 382 2883 415 2935; x_wconf 89' lang='lat' dir='ltr'>et</span> <span class='ocrx_word' id='word_1_231' title='bbox 431 2872 593 2958; x_wconf 91' lang='lat' dir='ltr'>consequi</span> <span class='ocrx_word' id='word_1_232' title='bbox 611 2874 750 2958; x_wconf 90' lang='lat' dir='ltr'>possim.</span> <span class='ocrx_word' id='word_1_233' title='bbox 801 2874 852 2938; x_wconf 90' lang='lat' dir='ltr'>Ita</span> <span class='ocrx_word' id='word_1_234' title='bbox 869 2897 922 2938; x_wconf 88' lang='lat' dir='ltr'>res</span> <span class='ocrx_word' id='word_1_235' title='bbox 940 2896 959 2938; x_wconf 88' lang='lat' dir='ltr'>a</span> <span class='ocrx_word' id='word_1_236' title='bbox 981 2896 1033 2939; x_wconf 89' lang='lat' dir='ltr'>me</span> <span class='ocrx_word' id='word_1_237' title='bbox 1059 2888 1191 2962; x_wconf 88' lang='lat' dir='ltr'>agetur,</span> <span class='ocrx_word' id='word_1_238' title='bbox 1210 2887 1247 2940; x_wconf 88' lang='lat' dir='ltr'>ut</span> 
     </span>
     <span class='ocr_line' id='line_1_30' title="bbox 195 2971 1327 3051; baseline 0.007 -17"><span class='ocrx_word' id='word_1_239' title='bbox 195 2972 228 3034; x_wconf 88' lang='lat' dir='ltr'>in</span> <span class='ocrx_word' id='word_1_240' title='bbox 254 2994 370 3036; x_wconf 90' lang='lat' dir='ltr'>eorum</span> <span class='ocrx_word' id='word_1_241' title='bbox 389 2971 539 3036; x_wconf 88' lang='lat' dir='ltr'>consiliis</span> <span class='ocrx_word' id='word_1_242' title='bbox 556 2973 714 3037; x_wconf 90' lang='lat' dir='ltr'>omnibus</span> <span class='ocrx_word' id='word_1_243' title='bbox 731 2996 799 3038; x_wconf 94' lang='lat' dir='ltr'>non</span> <span class='ocrx_word' id='word_1_244' title='bbox 818 2975 919 3038; x_wconf 91' lang='lat' dir='ltr'>modo</span> <span class='ocrx_word' id='word_1_245' title='bbox 936 2996 1036 3040; x_wconf 86' lang='lat' dir='ltr'>aures</span> <span class='ocrx_word' id='word_1_246' title='bbox 1054 2975 1243 3051; x_wconf 88' lang='lat' dir='ltr'>hominurn,</span> <span class='ocrx_word' id='word_1_247' title='bbox 1326 3001 1327 3042; x_wconf 61' lang='grc' dir='ltr'><strong>ὲ</strong></span> 
     </span>
     <span class='ocr_line' id='line_1_31' title="bbox 195 3070 1327 3161; baseline 0.004 -26"><span class='ocrx_word' id='word_1_248' title='bbox 195 3072 255 3136; x_wconf 91' lang='lat' dir='ltr'>sed</span> <span class='ocrx_word' id='word_1_249' title='bbox 280 3072 381 3135; x_wconf 86' lang='lat' dir='ltr'>etiam</span> <span class='ocrx_word' id='word_1_250' title='bbox 407 3072 497 3135; x_wconf 90' lang='lat' dir='ltr'>oculi</span> <span class='ocrx_word' id='word_1_251' title='bbox 522 3070 656 3158; x_wconf 88' lang='lat' dir='ltr'>[popuii</span> <span class='ocrx_word' id='word_1_252' title='bbox 682 3072 851 3161; x_wconf 91' lang='lat' dir='ltr'>Romani]</span> <span class='ocrx_word' id='word_1_253' title='bbox 873 3074 1035 3139; x_wconf 88' lang='lat' dir='ltr'>interesse</span> <span class='ocrx_word' id='word_1_254' title='bbox 1052 3075 1243 3140; x_wconf 87' lang='lat' dir='ltr'>videantur.</span> <span class='ocrx_word' id='word_1_255' title='bbox 1326 3077 1327 3082; x_wconf 68' lang='grc'>’</span> 
     </span>
     <span class='ocr_line' id='line_1_32' title="bbox 193 3171 1244 3259; baseline 0.007 -25"><span class='ocrx_word' id='word_1_256' title='bbox 193 3188 239 3233; x_wconf 75' lang='grc'>49.</span> <span class='ocrx_word' id='word_1_257' title='bbox 264 3171 336 3235; x_wconf 90' lang='lat' dir='ltr'>Vos</span> <span class='ocrx_word' id='word_1_258' title='bbox 361 3171 490 3257; x_wconf 87' lang='lat' dir='ltr'>aliquot</span> <span class='ocrx_word' id='word_1_259' title='bbox 509 3171 582 3259; x_wconf 90' lang='lat' dir='ltr'>jam</span> <span class='ocrx_word' id='word_1_260' title='bbox 608 3193 668 3256; x_wconf 90' lang='lat' dir='ltr'>per</span> <span class='ocrx_word' id='word_1_261' title='bbox 692 3193 800 3238; x_wconf 87' lang='lat' dir='ltr'>annos</span> <span class='ocrx_word' id='word_1_262' title='bbox 821 3186 1022 3259; x_wconf 87' lang='lat' dir='ltr'>conceptam</span> <span class='ocrx_word' id='word_1_263' title='bbox 1040 3176 1120 3239; x_wconf 89' lang='lat' dir='ltr'>huic</span> <span class='ocrx_word' id='word_1_264' title='bbox 1135 3177 1244 3241; x_wconf 92' lang='lat' dir='ltr'>ordini</span> 
     </span>
     <span class='ocr_line' id='line_1_33' title="bbox 144 3271 1242 3360; baseline 0.005 -26"><span class='ocrx_word' id='word_1_265' title='bbox 144 3291 178 3342; x_wconf 84' lang='lat'>30</span> <span class='ocrx_word' id='word_1_266' title='bbox 194 3271 437 3356; x_wconf 90' lang='lat' dir='ltr'>turpitudinem</span> <span class='ocrx_word' id='word_1_267' title='bbox 455 3281 555 3357; x_wconf 86' lang='lat' dir='ltr'>atque</span> <span class='ocrx_word' id='word_1_268' title='bbox 572 3271 750 3336; x_wconf 87' lang='lat' dir='ltr'>infamiam</span> <span class='ocrx_word' id='word_1_269' title='bbox 767 3273 882 3337; x_wconf 87' lang='lat' dir='ltr'>delere</span> <span class='ocrx_word' id='word_1_270' title='bbox 899 3295 941 3338; x_wconf 85' lang='lat' dir='ltr'>ac</span> <span class='ocrx_word' id='word_1_271' title='bbox 957 3274 1075 3339; x_wconf 85' lang='lat' dir='ltr'>tollere</span> <span class='ocrx_word' id='word_1_272' title='bbox 1092 3277 1242 3360; x_wconf 86' lang='lat' dir='ltr'>potestis.</span> 
     </span>
     <span class='ocr_line' id='line_1_34' title="bbox 194 3371 1245 3462; baseline 0.004 -25"><span class='ocrx_word' id='word_1_273' title='bbox 194 3371 338 3437; x_wconf 85' lang='lat' dir='ltr'>Constat</span> <span class='ocrx_word' id='word_1_274' title='bbox 361 3371 448 3435; x_wconf 90' lang='lat' dir='ltr'>inter</span> <span class='ocrx_word' id='word_1_275' title='bbox 472 3371 596 3446; x_wconf 86' lang='lat' dir='ltr'>omnis,</span> <span class='ocrx_word' id='word_1_276' title='bbox 615 3384 691 3456; x_wconf 91' lang='lat' dir='ltr'>post</span> <span class='ocrx_word' id='word_1_277' title='bbox 714 3374 802 3438; x_wconf 87' lang='lat' dir='ltr'>haec</span> <span class='ocrx_word' id='word_1_278' title='bbox 818 3375 997 3439; x_wconf 85' lang='lat' dir='ltr'>constituta</span> <span class='ocrx_word' id='word_1_279' title='bbox 1010 3375 1153 3462; x_wconf 85' lang='lat' dir='ltr'>judicia,</span> <span class='ocrx_word' id='word_1_280' title='bbox 1172 3377 1245 3462; x_wconf 91' lang='lat' dir='ltr'>qui-</span> 
     </span>
     <span class='ocr_line' id='line_1_35' title="bbox 194 3471 1244 3562; baseline 0.008 -27"><span class='ocrx_word' id='word_1_281' title='bbox 194 3473 257 3536; x_wconf 91' lang='lat' dir='ltr'>bus</span> <span class='ocrx_word' id='word_1_282' title='bbox 286 3493 378 3535; x_wconf 92' lang='lat' dir='ltr'>nunc</span> <span class='ocrx_word' id='word_1_283' title='bbox 407 3471 546 3546; x_wconf 92' lang='lat' dir='ltr'>utimur,</span> <span class='ocrx_word' id='word_1_284' title='bbox 577 3473 708 3535; x_wconf 88' lang='lat' dir='ltr'>nullum</span> <span class='ocrx_word' id='word_1_285' title='bbox 739 3474 805 3537; x_wconf 94' lang='lat' dir='ltr'>hoc</span> <span class='ocrx_word' id='word_1_286' title='bbox 833 3475 1015 3558; x_wconf 88' lang='lat' dir='ltr'>splendore</span> <span class='ocrx_word' id='word_1_287' title='bbox 1048 3488 1148 3562; x_wconf 86' lang='lat' dir='ltr'>atque</span> <span class='ocrx_word' id='word_1_288' title='bbox 1180 3479 1244 3543; x_wconf 87' lang='lat' dir='ltr'>hac</span> 
     </span>
     <span class='ocr_line' id='line_1_36' title="bbox 195 3570 1241 3658; baseline 0.007 -24"><span class='ocrx_word' id='word_1_289' title='bbox 195 3570 359 3656; x_wconf 86' lang='lat' dir='ltr'>dignitate</span> <span class='ocrx_word' id='word_1_290' title='bbox 385 3570 565 3634; x_wconf 89' lang='lat' dir='ltr'>consilium</span> <span class='ocrx_word' id='word_1_291' title='bbox 587 3571 703 3635; x_wconf 89' lang='lat' dir='ltr'>fuisse.</span> <span class='ocrx_word' id='word_1_292' title='bbox 756 3573 824 3636; x_wconf 91' lang='lat' dir='ltr'>Hic</span> <span class='ocrx_word' id='word_1_293' title='bbox 840 3573 867 3636; x_wconf 90' lang='lat' dir='ltr'>si</span> <span class='ocrx_word' id='word_1_294' title='bbox 885 3575 966 3658; x_wconf 91' lang='lat' dir='ltr'>quid</span> <span class='ocrx_word' id='word_1_295' title='bbox 984 3575 1045 3639; x_wconf 89' lang='lat' dir='ltr'>erit</span> <span class='ocrx_word' id='word_1_296' title='bbox 1061 3575 1241 3653; x_wconf 87' lang='lat' dir='ltr'>offensum,</span> 
     </span>
     <span class='ocr_line' id='line_1_37' title="bbox 194 3670 1243 3764; baseline 0.01 -33"><span class='ocrx_word' id='word_1_297' title='bbox 194 3691 314 3732; x_wconf 91' lang='lat' dir='ltr'>omnes</span> <span class='ocrx_word' id='word_1_298' title='bbox 332 3670 488 3732; x_wconf 88' lang='lat' dir='ltr'>homines</span> <span class='ocrx_word' id='word_1_299' title='bbox 505 3692 573 3732; x_wconf 95' lang='lat' dir='ltr'>non</span> <span class='ocrx_word' id='word_1_300' title='bbox 587 3670 659 3756; x_wconf 87' lang='lat' dir='ltr'>jam</span> <span class='ocrx_word' id='word_1_301' title='bbox 678 3693 721 3734; x_wconf 85' lang='lat' dir='ltr'>ex</span> <span class='ocrx_word' id='word_1_302' title='bbox 738 3673 858 3735; x_wconf 90' lang='lat' dir='ltr'>eodem</span> <span class='ocrx_word' id='word_1_303' title='bbox 880 3673 998 3736; x_wconf 90' lang='lat' dir='ltr'>ordine</span> <span class='ocrx_word' id='word_1_304' title='bbox 1024 3675 1108 3739; x_wconf 85' lang='lat' dir='ltr'>alios</span> <span class='ocrx_word' id='word_1_305' title='bbox 1133 3678 1243 3764; x_wconf 87' lang='lat' dir='ltr'>magis</span> 
     </span>
     <span class='ocr_line' id='line_1_38' title="bbox 146 3767 1242 3854; baseline 0.01 -24"><span class='ocrx_word' id='word_1_306' title='bbox 146 3785 179 3839; x_wconf 82' lang='lat'>35</span> <span class='ocrx_word' id='word_1_307' title='bbox 195 3767 335 3831; x_wconf 88' lang='lat' dir='ltr'>idoneos</span> <span class='ocrx_word' id='word_1_308' title='bbox 354 3768 462 3851; x_wconf 91' lang='lat' dir='ltr'>(quod</span> <span class='ocrx_word' id='word_1_309' title='bbox 476 3768 548 3830; x_wconf 89' lang='lat' dir='ltr'>fieri</span> <span class='ocrx_word' id='word_1_310' title='bbox 567 3791 635 3832; x_wconf 96' lang='lat' dir='ltr'>non</span> <span class='ocrx_word' id='word_1_311' title='bbox 654 3771 796 3854; x_wconf 88' lang='lat' dir='ltr'>potest),</span> <span class='ocrx_word' id='word_1_312' title='bbox 812 3771 873 3833; x_wconf 92' lang='lat' dir='ltr'>sed</span> <span class='ocrx_word' id='word_1_313' title='bbox 887 3771 990 3834; x_wconf 85' lang='lat' dir='ltr'>alium</span> <span class='ocrx_word' id='word_1_314' title='bbox 1004 3775 1143 3838; x_wconf 92' lang='lat' dir='ltr'>omnino</span> <span class='ocrx_word' id='word_1_315' title='bbox 1156 3778 1242 3841; x_wconf 93' lang='lat' dir='ltr'>ordi·</span> 
     </span>
     <span class='ocr_line' id='line_1_39' title="bbox 196 3865 1156 3951; baseline 0.01 -24"><span class='ocrx_word' id='word_1_316' title='bbox 196 3887 274 3928; x_wconf 90' lang='lat' dir='ltr'>nem</span> <span class='ocrx_word' id='word_1_317' title='bbox 293 3866 336 3928; x_wconf 89' lang='lat' dir='ltr'>ad</span> <span class='ocrx_word' id='word_1_318' title='bbox 354 3887 407 3928; x_wconf 92' lang='lat' dir='ltr'>res</span> <span class='ocrx_word' id='word_1_319' title='bbox 420 3865 626 3948; x_wconf 87' lang='lat' dir='ltr'>judicandas</span> <span class='ocrx_word' id='word_1_320' title='bbox 644 3868 879 3951; x_wconf 89' lang='lat' dir='ltr'>quaerendum</span> <span class='ocrx_word' id='word_1_321' title='bbox 897 3869 1156 3937; x_wconf 87' lang='lat' dir='ltr'>arbitrabuntur.</span> 
     </span>
    </p>
   </div>
   <div class='ocr_carea' id='block_1_2' title="bbox 0 0 1362 4266">
    <p class='ocr_par' dir='ltr' id='par_1_2' title="bbox 0 0 1362 4266">
     <span class='ocr_line' id='line_1_40' title="bbox 0 0 1362 4266; baseline 0 0"><span class='ocrx_word' id='word_1_322' title='bbox 0 0 1362 4266; x_wconf 95' lang='lat' dir='ltr'> </span> 
     </span>
    </p>
   </div>
  </div>
 </body>
</html>
