2716 4266
110 215 144 256 11·
159 201 196 273 5·]
274 201 309 268 T
303 201 346 266 ke
374 201 561 266 Greatness
585 201 632 288 ‘ff
651 200 795 267 Coesar's
825 199 860 266 T
854 200 1008 288 rz'umph.
1101 218 1162 264 211

107 405 346 472 auctoritatem
369 413 403 468 et
423 402 520 467 vobis
546 413 579 467 et
602 401 651 466 rei
677 401 835 486 publicae
863 414 1099 466 conservatam
1125 422 1166 465 ac

106 509 298 572 restitutam
322 516 413 589 puto.
464 503 632 568 Dolebam
657 503 763 574 enim,
783 515 895 586 patres
920 502 1114 586 conscripti,
1133 513 1166 564 et

106 608 332 671 vehementer
372 605 540 692 angebar,
576 604 684 666 virurn
717 603 833 674 tale'm,
862 623 940 666 cum
973 602 1007 664 in
1042 603 1163 664 eadem

107 729 216 772 causa
241 707 274 770 in
300 728 368 792 qua
393 727 460 792 ego
478 704 608 778 suisset,
628 703 746 767 nonin
766 703 886 767 eadem
913 723 989 766 esse
1009 701 1163 774 fortuna3

106 829 175 872 nec
200 807 282 871 mihi
308 806 516 892 persuadere
541 816 708 889 poteram,
728 822 793 867 nec
817 803 868 866 sas
888 823 963 868 esse
981 801 1163 873 ducebam,
1183 823 1198 878 5

106 907 238 972 versari
253 929 308 972 me
324 908 358 970 in
377 918 492 971 nostro
509 917 623 970 vetere
640 903 822 978 curriculo,
839 903 897 968 illo
911 903 1046 966 aemulo
1064 914 1164 987 atque

104 1009 277 1073 imitatore
302 1008 492 1072 studiorum
517 1026 559 1070 ac
583 1006 738 1070 laborum
765 1025 932 1078 meorum,
957 1001 1055 1090 quasi
1082 1023 1166 1089 quo·

104 1110 190 1172 darn
215 1108 309 1180 socio
334 1129 355 1172 a
379 1128 434 1172 me
459 1118 493 1171 et
516 1107 651 1179 comite,
675 1107 847 1170 distracto.

155 1207 251 1296 Ergo
277 1220 310 1273 et
337 1207 419 1272 mihi
444 1227 543 1272 meae
568 1206 729 1291 pristinae
753 1207 843 1270 vitae
867 1205 1163 1279 consuetudinem,

105 1307 154 1374 Ο.
184 1308 329 1382 Caesar,
358 1308 578 1372 interclusam
604 1306 777 1392 aperuisti,
806 1319 839 1371 et
861 1307 914 1370 his
938 1305 1096 1370 omnibus
1120 1305 1165 1370 ad
1185 1333 1217 1373 ro

104 1410 198 1473 bene
223 1409 266 1473 de
295 1407 425 1494 [omni]
447 1429 483 1472 re
508 1407 645 1492 publica
670 1407 879 1491 sperandum
903 1407 1002 1492 quasi
1026 1407 1164 1493 signum

106 1508 249 1595 aliquod
282 1507 456 1572 sustulisti.
503 1524 531 1571 ³.
553 1507 766 1571 Intellectum
792 1519 844 1571 est
866 1507 957 1570 enim
983 1506 1066 1569 mihi
1091 1507 1160 1592 qui·

105 1609 190 1672 dem
221 1607 255 1671 in
289 1607 418 1680 multis,
451 1619 484 1672 et
515 1606 665 1670 maxime
697 1605 731 1669 in
764 1626 819 1670 me
850 1606 938 1692 ipso,
968 1607 1028 1671 sed
1061 1606 1164 1691 paulo

107 1720 188 1772 ante
226 1707 297 1795 [in]
325 1706 498 1780 omnibus,
529 1728 606 1771 eum
632 1705 685 1771 M.
712 1705 918 1770 Marcellum
943 1707 1074 1770 senatui
1099 1707 1162 1770 rei·

106 1830 178 1895 que
217 1808 376 1893 publicae
411 1806 622 1882 concessisti,
656 1807 929 1871 commemoratis
963 1807 1162 1892 praesertim
1185 1826 1215 1880 ις

107 1908 370 1982 offensionibus,
392 1921 424 1972 te
457 1908 690 1972 auctoritatem
724 1906 825 1994 hujus
855 1907 984 1972 ordinis
1016 1908 1164 1994 dignita·

106 2020 247 2094 temque
264 2007 313 2071 rei
330 2006 489 2091 publicae
504 2007 570 2071 tuis
586 2007 640 2072 vel
658 2007 832 2072 doloribus
848 2008 903 2072 vel
920 2008 1163 2092 suspitionibus

109 2107 292 2172 anteferre.
335 2107 398 2171 llle
415 2107 554 2193 quidem
571 2108 717 2171 sructum
735 2107 846 2172 omnis
864 2119 942 2172 ante
959 2121 1056 2172 actae
1073 2108 1162 2172 vitae

110 2207 278 2273 hodierno
303 2207 360 2272 die
389 2207 579 2270 maximum
607 2207 709 2291 cepit,
729 2228 807 2270 curn
834 2228 970 2271 summo
994 2229 1162 2273 consensu

109 2321 262 2381 senatus,
279 2318 351 2372 turn
372 2306 502 2395 judicio
524 2319 582 2371 tuo
609 2307 814 2393 gravissimo
839 2319 873 2370 et
897 2307 1059 2372 maximo.
1108 2307 1163 2371 Ex
1181 2317 1216 2358 20

109 2429 177 2494 quo
209 2406 361 2493 prolecto
389 2407 562 2494 intellegis
590 2419 719 2492 quanta
746 2405 781 2470 in
813 2407 892 2472 dato
925 2407 1091 2473 beneficio
1122 2409 1165 2472 sit

109 2508 199 2582 leue,
223 2527 301 2572 cum
326 2507 361 2572 in
386 2519 528 2591 accepto
553 2507 594 2571 sit
618 2518 711 2570 tanta
735 2506 857 2593 gloria.
908 2506 970 2573 Est
992 2529 1073 2573 vero
1096 2509 1164 2573 sor·

109 2617 246 2672 tuuatus
282 2608 353 2682 ille,
386 2606 485 2695 cujus
517 2629 561 2672 ex
593 2609 702 2672 salute
734 2629 802 2671 non
835 2607 945 2672 minor
976 2629 1086 2695 paene
1118 2610 1162 2675 ad

109 2707 220 2772 omnis
242 2729 345 2794 quam
371 2708 415 2772 ad
437 2708 549 2792 ipsum
574 2720 718 2772 ventura
746 2707 788 2772 sit
807 2709 934 2774 laetitia
955 2710 1159 2794 pervenerit.

108 2827 137 2874 4.
158 2806 261 2892 Quod
279 2807 418 2894 quidem
436 2808 467 2872 ei
488 2807 608 2872 merito
634 2821 734 2894 atque
758 2809 886 2893 optimo
906 2809 983 2898 jure
1007 2810 1159 2898 contigit.
1180 2811 1212 2865 ²5

111 2909 201 2996 Opis
232 2909 323 2973 enim
355 2919 407 2972 est
437 2908 496 2973 illo
530 2921 588 2973 aut
619 2910 792 2974 nobilitate
826 2921 883 2974 aut
915 2911 1081 2996 probitate
1106 2923 1164 2974 aut

109 3011 314 3096 optimamm
332 3009 453 3072 artium
472 3008 584 3074 studio
601 3021 659 3074 aut
675 3010 869 3076 innocentia
887 3023 945 3076 aut
964 3013 1034 3078 ullo
1051 3011 1162 3077 laudis

109 3131 238 3199 genere
255 3107 502 3193 praestantior?

155 3229 194 3274 11.
221 3207 359 3274 Nullius
376 3219 507 3274 tanturn
524 3209 651 3275 flumen
670 3223 721 3276 est
736 3210 869 3299 ingeni,
881 3213 1008 3278 nullius
1026 3213 1161 3278 dicendi

109 3321 168 3376 aut
191 3308 363 3374 scribendi
387 3319 481 3376 tanta
499 3311 564 3384 vis,
586 3322 680 3376 tanta
712 3312 824 3396 copia,
843 3333 931 3398 quae
956 3335 1023 3378 non
1048 3314 1160 3378 dicam
1181 3320 1215 3375 30
1289 3333 1291 3338 ·

109 3429 291 3481 exornare,
321 3409 382 3474 sed
411 3432 586 3486 enarrare,
615 3410 658 3477 C.
689 3410 834 3486 Caesar,
861 3434 916 3476 res
947 3425 1023 3477 tuas
1046 3425 1161 3500 gestas

110 3510 227 3597 possit.
276 3508 413 3575 Tamen
435 3512 592 3584 adfirmo,
612 3523 644 3575 et
662 3512 727 3575 hoc
752 3531 837 3594 pace
861 3513 973 3576 dicam
997 3525 1068 3586 tua,
1088 3512 1162 3576 nul·

109 3613 179 3676 lam
201 3610 237 3674 in
260 3608 312 3676 his
337 3631 413 3675 esse
438 3611 574 3676 laudem
602 3611 803 3696 ampliorem
825 3633 929 3696 quam
957 3634 1033 3677 earn
1057 3633 1161 3698 quam

109 3710 277 3776 hodierno
308 3711 363 3776 die
396 3721 598 3775 consecutus
630 3731 679 3775 es.
749 3729 776 3774 o.
814 3710 917 3776 Soleo
949 3733 1051 3796 saepe
1083 3724 1162 3775 ante

108 3811 228 3876 oculos
245 3831 385 3894 ponere,
405 3810 507 3896 idque
525 3811 668 3874 libenter
693 3812 821 3876 crebris
844 3833 1010 3897 usurpare
1035 3833 1162 3876 sermo·
1180 3828 1214 3886 35

109 3913 222 3986 rubus,
238 3913 349 3976 omnis
366 3925 557 3975 nostrorum
575 3908 831 3994 imperatorum,
844 3912 955 3975 omnis
968 3922 1160 3976 exterarum
