2714 4266
112 206 163 246 Ln-
186 191 257 264 116·]
379 191 450 259 The
473 191 633 258 Plunder
656 193 703 276 of
718 187 903 276 Syracuse.
1120 204 1164 272 43

111 396 198 461 tiens
216 395 407 462 sestertium
422 415 466 458 ex
480 391 599 458 Sicilia
612 403 730 457 contra
747 391 843 479 leges
860 387 1052 455 abstulisse.
1088 385 1166 451 Hoc

110 499 266 571 testibuS,
287 497 354 560 hoc
371 495 495 560 tabulis
511 495 653 580 privatis
673 495 886 581 publicisque
911 491 1166 558 auctoritatibus

110 599 158 662 ita
184 599 279 664 vobis
304 601 447 685 planum
471 597 650 672 faciemus,
672 609 709 662 ut
733 599 800 662 hoc
823 595 989 671 statuatiS,
1011 596 1113 659 etiam
1138 593 1166 658 si

109 701 258 785 spatium
277 702 320 764 ad
339 700 524 765 dicendum
542 709 657 764 nostro
674 698 868 772 commodo,
885 716 1079 782 vacuosque
1092 695 1165 760 dies

109 800 364 877 habuissemus,
384 812 500 867 tamen
516 799 671 866 oratione
688 798 794 887 longa
812 797 896 863 nihil
912 818 999 885 opus
1016 795 1132 862 luisse.
1195 817 1210 870 5

156 899 251 966 Dixi.

547 1059 720 1070 ......——-—-·

770 1071 963 1203 s

380 1224 416 1293 Τ
409 1226 451 1291 he
474 1225 634 1291 Plunder
656 1227 704 1310 os
718 1224 904 1314 Syracuse.

330 1365 427 1432 [Actio
452 1367 590 1426 Secunda,
615 1367 677 1416 Lib.
702 1367 750 1416 IV.
776 1369 819 1418 ch.
845 1365 950 1432 52-60·]

157 1505 221 1554 Lu.
246 1483 365 1550 Uenus
391 1483 493 1549 etiam
514 1483 607 1549 urbis
624 1485 777 1549 omnium
794 1484 1046 1570 pulcherrimae
1064 1495 1165 1571 atque

107 1585 363 1659 ornatissimae,
383 1583 650 1672 Syracusarum,
670 1585 895 1669 direptionem
919 1606 1166 1649 commemora-

107 1690 155 1753 bo
172 1687 255 1752 etin
274 1685 425 1750 medium
442 1685 627 1770 proferam,
643 1684 791 1772 judices,
806 1697 842 1751 ut
857 1686 1043 1772 aliquando
1060 1696 1164 1750 totam

108 1789 213 1876 hujus
241 1785 380 1876 generis
408 1787 597 1850 orationem
627 1787 830 1850 concludam
860 1799 961 1872 atque
986 1786 1161 1852 definiam.
1179 1808 1210 1846 ιο

108 1888 226 1953 Nemo
244 1887 314 1952 sere
331 1898 481 1952 vestrum
505 1898 555 1950 est
576 1886 659 1973 quin
683 1908 784 1972 quem
810 1887 854 1951 ad
880 1887 1017 1952 modum
1043 1898 1165 1972 captae

108 1989 179 2055 sint
195 2009 215 2052 a
230 1986 282 2050 Μ.
299 1975 468 2052 Marcello
482 1985 678 2072 Syracusae
692 2008 795 2072 saepe
813 1987 968 2061 audierit,
984 2010 1052 2052 non
1067 2009 1165 2050 num-

108 2109 217 2177 quam
231 2087 333 2152 etiam
347 2087 382 2150 in
395 2086 578 2151 annalibus
591 2087 725 2174 legerit.
763 2086 924 2152 Conferte
939 2090 1029 2153 hanc
1042 2109 1163 2174 pacem

108 2211 191 2254 cum
216 2188 274 2252 illo
296 2188 402 2262 bello,
427 2185 528 2273 hujus
553 2187 718 2273 praetoris
747 2189 931 2253 adventum
964 2210 1042 2253 cum
1074 2189 1164 2252 illius

108 2287 326 2374 imperatoris
357 2285 512 2361 victoria,
543 2285 644 2374 hujus
676 2287 849 2352 cohortem
882 2288 1052 2374 impuram
1085 2306 1209 2356 cum¹s

108 2389 203 2454 illius
221 2386 372 2452 exercitu
390 2385 529 2460 invicm,
549 2385 649 2474 hujus
667 2387 824 2454 libidines
842 2410 920 2453 cum
943 2389 1033 2454 illius
1058 2388 1164 2453 conti-

109 2489 248 2554 nentia:
279 2488 322 2552 ab
346 2486 418 2561 illo,
437 2486 495 2572 qui
513 2487 614 2571 cepit,
634 2487 801 2564 conditas,
822 2490 865 2553 ab
884 2490 948 2554 hoc
965 2489 1023 2577 qui
1040 2489 1165 2555 consti-

107 2601 199 2656 tutas
217 2587 363 2672 accepit,
381 2598 500 2672 captas
517 2586 636 2652 dicetis
654 2585 861 2674 Syracusas.

154 2703 183 2750 2.
207 2687 262 2753 Ac
282 2688 355 2776 jam
380 2687 440 2751 illa
461 2685 591 2760 omitto,
610 2708 698 2773 quae
719 2688 872 2773 disperse
890 2709 909 2752 a
927 2711 981 2754 me
999 2690 1111 2755 multis
1128 2689 1163 2754 in

107 2790 195 2856 locis
220 2789 376 2853 dicentur
400 2807 441 2851 ac
465 2787 554 2851 dicta
579 2798 676 2852 sunt:
708 2788 820 2853 sorum
849 2788 1161 2878 Syracusanorum,
1178 2807 1210 2842 20

108 2890 201 2978 quod
219 2887 356 2953 introitu
374 2885 533 2952 Marcelli
552 2909 675 2972 purum
694 2888 800 2952 caede
818 2901 989 2953 servatum
1009 2901 1110 2965 esset,
1129 2890 1164 2955 id

109 2990 261 3054 adventu
287 2986 407 3052 Verris
436 2986 631 3053 Siculorum
660 2988 892 3053 innocentium
917 2990 1087 3077 sanguine
1112 3013 1164 3055 re·

109 3089 305 3155 dundasse:
335 3099 469 3173 portum
494 3086 807 3174 Syracusanorum,
826 3088 884 3174 qui
904 3101 975 3155 tum
993 3102 1025 3156 et
1042 3091 1164 3156 nostris

110 3187 278 3256 classibus
310 3199 343 3253 et
374 3187 720 3276 Karthaginiensium
754 3189 891 3254 clausus
923 3190 1053 3266 fuisset,
1084 3213 1161 3256 eum

110 3291 174 3356 isto
190 3299 348 3376 praetore
364 3286 513 3354 Cilicum
532 3288 734 3376 myoparoni
750 3289 1049 3378 praedonibusque
1067 3305 1164 3377 patu·
1177 3307 1207 3359 ²5

110 3392 198 3456 isse:
233 3389 327 3455 mitto
355 3389 543 3455 adhibitam
572 3389 641 3454 vim
665 3389 840 3476 ingenuis,
866 3402 991 3457 matres
1016 3393 1163 3458 familias

109 3491 267 3565 violatas,
286 3511 374 3577 quae
397 3502 469 3554 tum
493 3489 529 3554 in
553 3491 637 3555 urbe
661 3502 762 3575 capta
786 3491 969 3557 commissa
993 3516 1062 3559 non
1087 3506 1164 3560 sunt

110 3612 222 3677 neque
242 3591 321 3656 odio
344 3589 457 3656 hostili
478 3612 590 3676 neque
610 3590 747 3656 licentia
773 3591 908 3656 militari
933 3614 1044 3680 neque
1070 3615 1163 3658 more

111 3691 191 3756 belli
209 3713 320 3777 neque
335 3691 411 3779 jure
428 3691 611 3756 victoriae:
638 3691 744 3767 mitto,
759 3691 914 3778 inquam,
930 3693 1017 3758 haec
1032 3694 1161 3768 omnia,

111 3812 199 3878 quae
232 3792 275 3856 ab
306 3791 370 3856 isto
395 3813 456 3876 per
478 3791 662 3857 triennium
687 3791 838 3876 perfecta
863 3803 960 3857 sunt:
993 3814 1047 3869 ea,
1073 3815 1162 3881 quae
1178 3807 1209 3856 30

112 3893 293 3980 conjuncta
313 3911 391 3956 cum
411 3891 477 3956 illis
497 3891 600 3958 rebus
623 3902 714 3966 sunt,
737 3891 779 3956 de
803 3891 926 3978 quibus
951 3904 1051 3959 antea
1075 3893 1160 3969 dixi,

113 3991 322 4089 cognoscite.
