2668 4262
71 196 149 240 xxm
170 185 234 258 50·]
299 186 370 254 His
391 187 499 252 Exile
521 187 584 252 has
607 187 716 251 saved
736 185 794 252 the
817 184 928 253 State.
1073 201 1135 272 157

69 387 186 475 gere?
240 385 398 474 Quorum
422 389 566 452 alterum
590 387 794 474 fugiendum
818 409 887 452 non
908 407 998 462 esse,
1019 409 1138 454 carere

69 509 208 554 sensus
234 489 378 552 alterum
396 487 498 552 etiam
515 488 717 572 optandum,
737 489 875 552 meliore
893 509 969 552 esse
985 508 1101 552 sensu.

116 607 170 654 24.
199 589 301 654 Haec
317 609 385 675 ego
402 601 435 652 et
452 588 557 651 multa
575 588 643 650 alia
660 585 817 673 cogitans
834 588 900 650 hoc
917 587 1089 661 videbam,
1108 587 1137 652 si

69 711 227 755 causam
245 689 417 775 publicam
436 707 513 750 mea
531 709 622 751 mors
639 687 852 772 peremisset,
870 687 1043 750 neminem
1064 709 1139 750 um·

69 812 184 875 quarn
204 791 276 854 sore
293 789 349 876 qui
367 787 510 852 auderet
525 787 700 870 suscipere
716 799 835 850 contra
855 785 1028 870 improbos
1052 785 1137 850 civis
1154 818 1169 873 5

69 892 229 955 salutem
243 889 294 954 rei
312 888 484 974 publicae.
536 885 655 972 Itaque
673 907 741 950 non
761 887 872 950 solum
895 887 923 950 si
948 885 980 949 vi
1005 885 1138 950 interis·

69 1011 164 1062 sem,
192 990 381 1058 sedetiam
406 989 433 1054 si
460 987 579 1051 morbo
603 985 790 1050 exstinctus
807 1007 932 1059 essem,
952 985 1023 1050 fore
1042 997 1138 1070 puta·
1226 1057 1234 1072 .

68 1091 158 1157 bam
179 1103 220 1156 ut
240 1091 438 1174 exemplum
459 1087 509 1152 rei
534 1085 693 1172 publicae
718 1086 976 1150 conservandae
1000 1106 1136 1151 mecum

70 1191 182 1255 simul
212 1191 373 1256 interiret.
424 1187 513 1272 Quis
541 1187 634 1252 enim
662 1206 947 1272 umquam—me
970 1206 992 1250 a
1015 1199 1137 1250 senatu

69 1293 279 1378 populoque
296 1291 457 1355 Romano
473 1301 565 1354 tanto
581 1286 737 1353 omnium
754 1287 922 1352 bonorum
938 1285 1051 1352 studio
1068 1308 1137 1352 non
1157 1327 1189 1367 ,0

71 1391 248 1464 restituto,
262 1391 357 1476 quod
374 1402 477 1464 certe,
495 1390 524 1455 si
540 1409 651 1454 essem
668 1387 878 1458 interfectus,
894 1387 1051 1453 accidere
1067 1409 1137 1452 non

71 1491 417 1575 potuisset-rubam
431 1491 479 1556 rei
493 1490 651 1576 publicae
669 1499 801 1574 partem
818 1509 898 1554 cum
914 1510 978 1554 sua
995 1488 1136 1554 minima

72 1591 212 1656 invidia
234 1593 374 1656 auderet
394 1589 584 1678 attingere?
630 1589 776 1654 Servavi
799 1589 904 1678 igitur
928 1611 1000 1655 rem
1025 1591 1137 1677 publi-

73 1713 156 1755 cam
178 1693 336 1758 discessu
354 1713 443 1766 meo,
458 1691 614 1778 judices:
639 1691 783 1754 caedem
801 1712 822 1755 a
838 1691 936 1756 vobis
952 1691 1136 1779 liberisque

72 1794 217 1868 vestris,
236 1793 440 1866 vastitatem,
456 1791 629 1864 incendia,
643 1791 782 1874 rapinas
800 1813 877 1856 meo
890 1793 1012 1877 dolore
1029 1793 1137 1858 luctu·
1157 1821 1187 1876 ις

75 1915 145 1978 que
157 1893 289 1978 depuli,
302 1905 335 1957 et
345 1913 433 1956 unus
446 1891 497 1956 bis
508 1913 580 1955 rem
594 1891 768 1976 publicam
781 1893 929 1967 servavi,
941 1894 1049 1958 semel
1062 1895 1136 1980 glo-

75 1993 143 2067 ria,
163 1995 288 2058 iterum
304 2014 470 2056 aerumna
487 2012 577 2056 mea.
625 2009 671 2056 aa.
695 1991 820 2079 Neque
836 1993 929 2057 enim
946 1993 981 2058 in
999 1993 1065 2058 hoc
1082 2015 1136 2058 me

76 2093 259 2158 bominem
276 2115 351 2158 esse
369 2093 539 2156 infitiabor
555 2113 734 2179 umquam,
748 2105 785 2158 ut
801 2114 856 2157 me
872 2093 1002 2180 optimo
1018 2094 1133 2167 fratre,
1233 2110 1236 2116 “

77 2193 269 2260 carissimis
293 2193 421 2266 liberis,
439 2193 605 2256 fidissima
625 2193 786 2280 conjuge,
806 2205 918 2259 vestro
934 2207 1134 2279 conspectu,

78 2295 206 2376 patria,
223 2295 288 2358 hoc
304 2292 442 2358 honoris
459 2293 584 2378 gradu,
598 2293 673 2357 sine
690 2294 808 2358 dolore
824 2294 977 2360 caruisse
994 2295 1134 2381 glorier.
1154 2313 1188 2353 ao

79 2391 190 2478 Quod
218 2394 246 2458 si
275 2393 445 2466 fecissem,
471 2393 563 2478 quod
592 2414 613 2456 a
640 2413 697 2458 me
720 2393 925 2458 beneficium
951 2395 1134 2467 haberetis,

80 2513 161 2558 cum
183 2516 244 2579 pro
261 2493 357 2559 vobis
374 2513 428 2566 ea,
446 2514 536 2579 quae
554 2493 638 2556 mihi
655 2505 770 2558 essent
786 2495 881 2569 vilia,
898 2493 1136 2581 reliquissem?

81 2591 162 2658 Hoc
180 2615 256 2658 meo
273 2593 410 2679 quidem
429 2593 542 2655 animo
559 2593 686 2657 summi
703 2593 738 2657 in
755 2595 900 2680 patriam
918 2594 1044 2659 amoris
1068 2594 1136 2658 mei

80 2693 221 2780 signum
246 2714 321 2758 esse
345 2693 447 2757 debet
468 2693 711 2769 certissimum,
729 2695 835 2780 quod,
853 2716 932 2760 curn
953 2696 1076 2760 abesse
1092 2695 1135 2758 ab

80 2813 123 2856 ea
143 2793 219 2858 sine
241 2813 375 2857 summo
399 2792 517 2857 dolore
542 2815 611 2858 non
635 2815 786 2879 possem,
810 2797 902 2860 hunc
926 2816 981 2860 me
1005 2795 1136 2882 perpeti
1154 2806 1186 2862 25

81 2912 186 2977 quam
205 2893 297 2957 illam
316 2892 513 2958 labefactari
531 2894 575 2957 ab
593 2893 757 2979 improbis
775 2895 892 2960 malui.

126 3010 175 3057 au.
200 2991 441 3065 Memineram‚
464 2992 614 3080 judices,
640 2995 793 3059 divinum
819 2996 915 3060 illum
939 2995 1063 3069 virum,
1086 3005 1136 3060 at·

82 3111 149 3176 que
167 3115 211 3157 ex
227 3093 334 3157 isdem
351 3092 475 3177 quibus
495 3115 557 3157 nos
582 3095 755 3160 radicibus
780 3108 896 3162 natum
921 3096 965 3160 ad
989 3096 1135 3160 salutem

84 3191 184 3280 hujus
210 3192 344 3278 imperi,
370 3191 412 3258 C.
438 3192 604 3270 Marium,
628 3217 764 3260 summa
789 3208 975 3271 senectute,
998 3217 1077 3260 cum
1102 3193 1135 3259 vi

85 3312 189 3378 prope
216 3293 383 3381 justorum
417 3314 589 3359 armorum
627 3297 846 3384 profugisset,
877 3297 986 3382 primo
1026 3295 1135 3360 senile
1153 3301 1189 3354 30

84 3411 208 3478 corpus
241 3394 438 3478 paludibus·
460 3396 652 3461 occultasse
687 3398 896 3471 demersum,
930 3397 1055 3462 deinde
1090 3396 1135 3460 ad

86 3490 276 3557 intimorum
291 3514 332 3558 ac
344 3494 621 3560 tenuissimorum
640 3497 816 3560 bominum
834 3496 1055 3585 [Minturnis]
1074 3497 1135 3560 mi·

61 3589 303 3658 'sericordiam
330 3581 548 3680 cdnvfugisse3
581 3596 662 3660 inde
688 3598 827 3684 navigio
852 3620 1032 3684 perparVO,
1055 3619 1133 3662 cum

86 3694 193 3758 omnis
217 3705 333 3779 portus
358 3706 532 3779 terrasque
553 3694 697 3780 sugeret,
717 3697 750 3760 in
767 3719 845 3762 oras
862 3698 1002 3764 Africae
1019 3701 1134 3764 deser-

87 3791 231 3858 tissimas
259 3793 471 3878 pervenisse.
519 3809 566 3856 27.
591 3793 705 3879 Atque
735 3797 791 3860 ille
818 3799 921 3862 vitam
951 3820 1062 3872 suam,
1089 3819 1133 3862 ne
1153 3795 1187 3854 35

87 3889 209 3958 inultus
226 3904 328 3967 esset,
343 3893 388 3956 ad
405 3891 667 3956 incertissimam
684 3915 781 3979 spem
798 3908 831 3961 et
848 3899 891 3962 ad
908 3899 955 3961 rei
974 3899 1132 3983 publicae
