2668 4262
243 13 314 53 QLM
337 11 403 52 ded
431 37 442 42 -
474 23 519 58 tlr:
560 33 566 56 t

238 101 309 176 aa

253 143 258 166 ξ
322 130 335 153 ί,
548 147 557 161 1,
736 137 813 159 ,,,,

109 191 155 232 111·
171 179 210 252 8·]
287 183 358 248 His
382 183 492 248 Pluns
516 207 580 250 are
603 187 727 250 known
752 189 826 251 ond
847 211 902 251 wa

904 21 912 38 ''
992 39 1020 61 ,c

903 107 928 170 l*
1075 107 1134 173 l*

904 146 1064 252 teita.'“
1119 192 1161 276 87

106 382 202 446 Tum
220 384 366 471 denique
384 385 599 462 interficiere,
619 409 697 451 cum
719 388 791 475 jam
817 411 918 453 nemo
943 402 1011 454 tam
1037 392 1160 478 impro-

106 483 186 558 buS,
209 496 278 547 tam
304 486 466 570 perditus,
490 499 558 550 tam
584 488 629 550 tui
655 489 773 552 similis
791 489 933 551 inveniri
953 493 1085 575 poterit,
1104 494 1160 579 qui

105 583 143 646 id
161 605 229 648 non
243 585 319 671 jure
340 586 466 649 factum
490 609 565 652 esse
590 588 745 652 fateatur.
794 603 822 648 θ.
848 589 962 675 Qum
989 594 1046 656 diu
1071 597 1161 680 quis-

105 705 212 770 quam
238 687 300 749 erit
323 687 380 771 qui
405 699 437 750 te
458 687 640 752 defendere
659 689 795 764 audeat,
815 693 929 766 vives3
956 706 988 758 et
1005 695 1098 760 vives
1116 696 1160 759 ita

105 797 144 848 ut
161 785 260 860 vivis,
280 788 392 850 multis
414 788 498 852 meis
518 801 551 852 et
574 789 679 852 firmis
700 793 879 875 praesidiis
901 816 1097 878 oppressus,
1117 816 1159 860 ne
1194 829 1208 881 5

104 909 325 952 commovere
341 901 373 952 te
390 904 507 953 contra
525 911 596 953 rein
614 892 786 974 publicam
804 895 923 977 possis.
971 894 1159 960 Multorum

106 1000 139 1052 te
169 989 270 1052 etiam
299 990 388 1053 oculi
417 1002 449 1052 et
477 1011 577 1054 aures
606 1013 673 1054 non
699 994 913 1069 sentientem,
935 995 1022 1060 sicut
1045 997 1159 1062 adhuc

105 1088 274 1164 fecerunt,
294 1091 561 1175 speculabuntur
578 1103 678 1177 atque
696 1095 897 1158 custodient.
927 1102 941 1159 (2

154 1210 206 1254 111.
233 1191 368 1256 Etenim
400 1192 482 1277 quid
511 1205 574 1266 est,
602 1192 763 1268 Catilina,
794 1195 885 1280 quod
910 1195 981 1283 jam
1011 1198 1158 1284 amplius

104 1303 300 1376 exspectes,
319 1292 348 1356 si
365 1313 476 1378 neque
494 1313 563 1356 nox
580 1293 728 1358 tenebris
752 1296 935 1360 obscurare
961 1309 1075 1361 coetus
1100 1320 1159 1360 ne·
1179 1330 1207 1362 ιο

86 1387 225 1467 iarios,
248 1413 313 1456 nec
338 1393 468 1477 privata
493 1393 615 1458 domus
640 1394 825 1479 parietibus
854 1397 1028 1461 continere
1057 1419 1158 1462 voces

104 1492 350 1579 conjurationis
365 1492 478 1579 [tuae]
494 1491 624 1577 potest?
646 1485 919 1572 sipinlustrantui,
935 1497 962 1560 si
977 1511 1158 1582 erumpunt

104 1581 249 1657 omnia?
292 1592 390 1657 Muta
406 1593 476 1680 jam
503 1594 600 1658 istam
626 1606 796 1658 mentem:
831 1596 912 1658 mibi
938 1599 1051 1670 crede,
1074 1599 1158 1660 obli-

23 1749 28 1756 .
104 1692 238 1757 viscere
258 1693 373 1758 caedis
396 1705 496 1778 atque
518 1693 782 1765 incendiorum„
816 1695 962 1760 Teneris
986 1699 1156 1782 undique:

105 1793 183 1856 luce
208 1805 286 1858 sunt
310 1793 455 1858 clariora
479 1793 577 1858 nobis
601 1805 659 1856 tua
677 1793 818 1858 consilia
836 1797 964 1869 omnia,
983 1798 1157 1883 quaejam
1179 1827 1206 1877 ις

106 1913 241 1957 mecum
271 1894 350 1958 licet
377 1913 617 1982 recognoscas.
681 1907 709 1953 t.
733 1893 966 1958 Meministine
997 1919 1051 1962 me
1080 1911 1157 1962 ante

105 1992 196 2056 diem
220 2013 284 2056 xn.
305 1993 484 2057 Kalendas
503 1992 709 2058 Novembris
734 1994 847 2058 dicere
871 1995 904 2058 iu
931 2011 1063 2071 senatu,
1086 1999 1157 2063 fore

104 2091 141 2156 in
161 2093 265 2180 armis
285 2106 376 2157 certo
398 2092 575 2177 die-qui
598 2093 671 2156 dies
694 2093 825 2158 futurus
850 2107 940 2158 es'set
964 2110 1041 2160 ante
1066 2099 1156 2162 diem

104 2212 157 2255 V1.
174 2192 254 2256 Kal.
272 2191 578 2256 Novembris—C.
594 2192 779 2266 Manlium,
795 2195 961 2259 audaciae
979 2198 1155 2261 satellitem

104 2305 207 2378 atque
233 2293 467 2357 administrum
493 2291 594 2356 tuae?
641 2292 735 2356 Num
760 2316 815 2356 me
840 2294 969 2368 fefellit,
992 2295 1155 2370 Catilina,
1176 2327 1209 2360 :0

104 2415 175 2456 non
199 2394 301 2458 modo
329 2415 383 2456 res
411 2404 517 2466 tanta,
544 2404 613 2455 tam
643 2405 739 2456 atrox
767 2406 906 2479 tamque
934 2395 1154 2472 incredibilis,

103 2493 328 2556 verum-id
363 2493 453 2577 qnod
489 2495 594 2555 multo
632 2493 743 2578 magis
778 2507 828 2556 est
859 2495 1157 2560 admirandum—

103 2591 200 2658 dies?
246 2592 329 2656 Dixi
346 2614 412 2678 ego
430 2592 519 2656 idem
538 2592 572 2654 in
589 2606 708 2656 senatu
727 2595 869 2656 caedem
887 2607 918 2657 te
943 2597 1155 2678 optimatium

103 2693 288 2758 contulisse
308 2692 343 2755 in
364 2704 441 2755 ante
462 2691 551 2755 diem
576 2711 612 2753 v.
636 2691 817 2756 Kalendas
842 2692 1061 2770 Novembris,
1084 2709 1155 2760 turn

103 2814 183 2857 cum
201 2792 295 2856 multi
313 2791 484 2876 principes
504 2791 648 2855 civitatis
673 2791 788 2855 Roma
814 2814 881 2856 non
905 2807 972 2856 tam
998 2796 1049 2858 sui
1075 2818 1154 2860 con·
1171 2825 1201 2874 25

102 2893 263 2957 servandi
303 2913 406 2978 quam
442 2903 574 2956 tuorum
607 2891 826 2956 consiliorum
860 2895 1152 2977 reprimendorum

102 3013 208 3057 causa
226 2993 461 3078 profugerunt.
504 2990 597 3054 Num
615 2991 750 3055 infitiari
769 3006 863 3076 potes
881 3005 911 3056 te
925 2994 983 3058 illo
996 2997 1070 3079 ipso
1081 2998 1152 3072 die,

103 3093 188 3158 meis
204 3091 397 3183 praesidiis,
415 3112 492 3154 mea
509 3092 686 3178 diligentia
708 3093 985 3168 circumclusum,
1004 3117 1154 3163 commo-

101 3213 183 3258 vere
199 3204 231 3258 te
249 3203 365 3257 contra
382 3213 454 3254 rem
471 3191 644 3275 publicam
663 3213 731 3256 non
748 3194 912 3276 potuisse}
931 3216 1008 3259 cum
1026 3209 1061 3260 tu
1085 3198 1153 3263 dis·
1207 3207 1220 3234 ²

102 3315 202 3359 cessu
236 3305 440 3366 ceterorum,
477 3302 591 3354 nostra
627 3303 741 3354 tamen
776 3293 834 3378 qui
869 3297 1200 3372 remansissemus3o

101 3395 221 3469 caede,
243 3405 275 3458 te
295 3403 489 3457 contentum
512 3412 587 3456 esse
612 3390 773 3456 dicebas?
818 3406 845 3453 8.
871 3392 986 3475 Qud?
1018 3417 1095 3462 cum
1120 3412 1152 3464 te

100 3493 286 3559 Praeneste
318 3492 489 3556 Kalendis
520 3491 603 3576 ipsis
627 3490 881 3557 Novembribus
906 3510 1150 3580 occupaturum

25 3597 29 3602 '
101 3606 266 3660 nocturno
283 3593 411 3678 impetu
429 3613 503 3656 esse
521 3593 726 3666 confidereS,
743 3594 921 3658 sensistine
941 3595 1035 3660 illam
1061 3599 1152 3664 colo-

100 3695 194 3758 niam
230 3715 305 3758 meo
336 3694 434 3780 jussu
466 3692 587 3779 [meis]
620 3693 799 3779 praesidiis
831 3696 1150 3786 custodiis‚vigiliis

100 3815 176 3858 esse
193 3791 380 3857 munitam?
417 3791 514 3856 Nihil
532 3793 621 3877 agis,
641 3793 724 3855 nihil
742 3795 883 3868 moliris,
903 3795 987 3859 nihil
1004 3800 1148 3885 cogitas,
1170 3823 1202 3876 35

98 3892 191 3980 quod
219 3915 286 3956 non
312 3914 379 3980 ego
407 3914 475 3955 non
501 3892 602 3956 modo
626 3892 778 3968 audiam,
800 3895 861 3958 sed
886 3895 987 3960 etiam
1013 3897 1149 3963 videam

99 3995 269 4082 planeque
293 3993 449 4058 sentiam.
479 4045 486 4084 3
