2668 4262
209 197 273 264 128
482 197 695 286 Conspr'racy
719 199 767 281 of
785 195 947 262 Catilina.
1066 193 1185 262 [CfflL-
1203 193 1245 245 lv.

208 400 415 477 miseranda,
428 399 580 466 idcirco
573 422 607 464 ιιι
624 399 756 486 eosqui
774 420 815 463 ea
833 399 995 484 perlicere
1010 398 1189 463 voluerunt
1201 416 1247 460 me

207 525 364 568 seierum
382 503 688 588 vehementemque
706 501 866 586 praebeo
916 498 1049 562 Etenim
1067 518 1209 583 quaero,
1226 516 1249 558 sr

1313 1597 1314 1654 l

1313 1851 1314 1890 l

207 604 283 716 quis
300 616 396 687 pater
412 603 571 681 familias,
582 602 697 666 liberis
714 601 783 666 suis
797 622 816 664 a
830 623 928 664 servo
941 599 1137 668 intersectis,
1152 618 1250 660 uxore

208 703 334 777 occisa,
353 704 494 768 incensa
519 705 634 776 domo,
654 703 860 788 supplicium
886 703 928 766 de
950 722 1049 766 servo
1068 717 1250 812 nonquam

177 805 465 878 sacerbissimum
491 805 683 889 sumpserit,
702 815 814 869 utrum
836 803 865 868 is
885 803 1036 867 clemens
1061 822 1103 866 ac
1129 798 1252 864 miseri

209 925 297 980 cors,
316 926 361 969 an
382 904 687 970 inhumanissimus
713 917 745 970 et
772 903 1026 968 crudelissimus
1048 923 1126 968 esse
1143 901 1253 966 videa

208 1003 292 1069 tur?
327 1004 417 1069 Mihi
434 1027 514 1070 vero
531 1005 744 1090 importunus
761 1025 802 1069 ac
819 1004 961 1078 ferreus,
980 1003 1037 1090 qui
1054 1026 1124 1068 non
1141 1003 1254 1068 dolore

209 1116 242 1169 et
267 1105 419 1170 cruciatu
444 1105 598 1170 nocentis
623 1127 722 1170 suum
749 1106 903 1169 dolorem
928 1105 1187 1190 cruciatumque
1213 1104 1255 1166 le

209 1204 320 1270 nierit.
369 1203 429 1270 Sic
446 1227 508 1269 nos
524 1204 559 1268 in
576 1205 629 1270 his
654 1205 862 1278 hominibus,
874 1205 986 1291 -qui
1009 1227 1084 1279 nos,
1101 1204 1161 1291 qui
1179 1224 1255 1268 con·

163 1325 193 1362 ιο
205 1305 320 1393 juges,
348 1305 405 1391 qui
437 1305 562 1369 liberos
593 1318 725 1370 nostros
755 1305 927 1370 trucidare
958 1305 1168 1378 νοΙιιειιιιιιι
1202 1300 1255 1389 qui

208 1405 364 1518 singulas
380 1405 481 1470 unius
498 1404 663 1492 cujusque
680 1418 829 1470 nostrum
855 1406 975 1471 domos
992 1418 1025 1470 et
1041 1407 1106 1470 hoc
1123 1404 1256 1470 univer-

209 1526 285 1569 sum
310 1505 360 1568 rei
385 1504 545 1590 publicae
570 1505 781 1570 domicilium
807 1505 922 1570 delere
947 1507 1177 1578 conatisunt3
1202 1501 1254 1589 qui
1313 1513 1314 1524 ¹

209 1605 244 1669 id
268 1616 425 1692 egerunt,
450 1617 487 1671 ut
509 1616 650 1692 gentem
663 1603 928 1692 Allobrogum
920 1628 954 1669 ιιι
980 1605 1133 1693 uestigiis
1158 1604 1239 1691 huju
1221 1625 1255 1666 us

209 1705 302 1770 urbis
320 1717 420 1790 atque
437 1707 470 1768 in
488 1706 602 1770 cinere
627 1704 840 1792 deflagrati
832 1706 953 1790 imperi
971 1628 1256 1782 conlocareth-

163 1823 193 1874 ι5
208 1826 237 1870 ει
228 1805 543 1870 vehementissimi
568 1805 744 1879 sumimus,
773 1805 1010 1870 misericordes
1034 1807 1254 1872 habebimur:

209 1905 262 1969 sin
274 1905 485 1969 remissiores
502 1927 577 1969 esse
589 1906 811 1980 voluerimus,
826 1927 981 1970 summae
997 1905 1096 1979 nobis
1113 1903 1255 1970 crudeli·

208 2005 286 2068 tatis
303 2004 338 2067 in
355 2004 485 2089 patriae
509 2004 703 2092 civiumque
721 2001 877 2089 pernicie
888 2006 980 2071 sarna
997 2007 1178 2072 subeunda
1196 2006 1273 2088 esty'

208 2119 249 2166 1³.
266 2102 342 2168 Nisi
355 2125 435 2169 vero
452 2104 601 2188 cuipiam
614 2104 658 2168 L.
672 2103 805 2179 Caesar,
817 2106 868 2168 vir
881 2105 1082 2171 fortissimus
1095 2118 1127 2170 et
1140 2126 1256 2170 aman.-

209 2203 359 2268 tissimus
376 2203 424 2268 rei
441 2204 613 2290 publicae,
628 2205 797 2270 crudelior
814 2206 938 2271 nudius
955 2207 1071 2272 tertius
1085 2207 1178 2272 visus
1196 2217 1254 2276 est,

20 2333 116 2354 mr
160 2323 192 2358 ²0
210 2325 288 2370 cum
306 2305 430 2369 sororis
452 2326 550 2379 suae,
569 2304 717 2370 feminae
734 2305 951 2378 lectissimae,
970 2307 1078 2373 virum
1097 2329 1255 2390 praesen·

209 2413 277 2468 tem
295 2415 328 2468 et
340 2404 533 2468 audientem
547 2403 618 2468 vita
633 2404 836 2488 privandum
854 2427 929 2470 esse
946 2407 1043 2479 dixit,
1059 2428 1156 2470 curn
1155 2426 1254 2470 avum
1313 2433 1314 2490 J

100 2572 103 2580 ,
209 2525 309 2569 suum
331 2503 428 2591 jussu
453 2504 602 2570 consulis
618 2504 846 2580 intersectum,
865 2505 1087 2593 liliumque
1057 2529 1131 2594 eJus
1148 2507 1255 2592 impu·
1313 2521 1314 2568 l

112 2621 119 2655 ι
206 2605 339 2682 .,herem
358 2605 509 2691 legatum
535 2625 555 2668 a
579 2615 673 2690 patre
700 2605 855 2678 missum,
875 2607 907 2668 in
935 2628 1073 2672 carcere
1100 2623 1255 2674 necatum

210 2725 285 2770 esse
301 2704 399 2769 dixit.
438 2701 595 2789 Quorum
612 2704 704 2790 quod
720 2705 831 2772 simile
849 2705 1006 2771 sactum?
1029 2709 1145 2794 quod
1138 2709 1253 2774 mitum

160 2821 191 2872 25
210 2805 376 2869 delendae
393 2803 441 2868 rei
458 2803 616 2888 publicae
632 2804 835 2870 consilium?
874 2805 1085 2894 Largitionis
1101 2810 1255 2874 voluntas

209 2915 279 2970 tum
308 2905 341 2968 in
369 2927 407 2971 ,re
436 2905 572 2988 publica
597 2918 731 2970 versata
760 2919 821 2980 est,
848 2919 880 2970 et
911 2908 1057 2992 partium
1085 2912 1253 2996 quaedam

210 3006 391 3072 contentio.
441 3005 555 3092 Atque
572 3027 613 3070 eo
629 3017 781 3091 tempore
807 3008 908 3096 hujus
933 3031 1017 3074 avus
1037 3009 1189 3087 Lentuli,
1208 3011 1254 3075 vir

210 3107 432 3180 clarissimus,
456 3117 608 3170 armatus
633 3105 831 3170 Gracchum
858 3121 910 3173 est
935 3126 1145 3194 persecutus.
1196 3113 1253 3176 llle
1313 3113 1314 3146 ³

210 3208 310 3272 etiam
328 3229 434 3295 grave
445 3219 522 3270 tum
539 3207 661 3271 volnus
686 3208 830 3290 accepit,
849 3209 991 3294 nequid
1011 3211 1053 3275 de
1070 3235 1203 3276 summa
1220 3232 1252 3275 re

161 3320 193 3371 30
211 3309 347 3392 publica
371 3307 644 3372 deminueretur:
671 3306 726 3370 hic
751 3307 794 3372 ad
819 3310 1002 3378 evertenda
1026 3311 1074 3375 rei
1100 3313 1251 3396 publicae

210 3407 432 3472 fundamenta
463 3405 584 3470 Gallos
613 3406 766 3480 arcessit,
794 3407 929 3471 servitia
954 3411 1111 3484 concitat,
1139 3411 1251 3478 Catili-

209 3529 289 3571 nam
329 3519 440 3580 vocat‚
482 3505 631 3569 attribuit
666 3527 728 3570 nos
764 3507 982 3573 trucidandos
1022 3509 1191 3598 Cethego
1223 3521 1251 3574 et

209 3619 339 3672 ceteros
371 3606 454 3670 civis
495 3604 746 3670 interficiendos
778 3605 939 3678 Gabinio,
974 3610 1092 3672 urbem
1126 3611 1250 3676 inflam-

211 3705 371 3768 mandam
397 3705 532 3776 Cassio,
562 3715 665 3766 totam
695 3703 828 3766 Italiam
862 3709 1062 3771 ιιιειιιιιιάιιιι
1096 3712 1249 3795 diripien-

162 3804 358 3887 35damque
391 3802 573 3866 Catilinae.
634 3800 845 3874 Vereamini,
876 3824 1012 3877 censeo,
1047 3829 1090 3871 ne
1123 3809 1158 3875 in
1193 3813 1249 3874 hoc

210 3902 339 3965 scelere
363 3913 432 3964 tarn
457 3899 599 3964 immani
623 3919 664 3964 ac
687 3900 836 3966 nefando
861 3901 961 3968 nimis
986 3905 1114 3992 aliquid
1139 3931 1249 3974 severe
