2714 4266
94 151 207 231 rx.27·]
364 161 435 230 His
458 158 612 230 Friends
636 186 699 230 are
723 167 758 230 in
789 164 901 250 Office.
1107 183 1148 248 33

93 387 164 430 non
201 376 286 436 erat,
316 376 497 449 propterea
535 366 627 451 quod
661 388 720 432 eos
756 366 957 454 intellegere
989 367 1150 432 videbam

93 487 149 529 me
179 466 244 530 hoc
268 464 399 554 judicio
429 465 617 529 districtum
642 479 744 552 atque
768 467 958 554 obligatum
985 467 1147 532 saturum.

91 581 139 628 25.
163 563 277 651 Atque
299 565 364 628 hoc
384 564 458 650 ipso
482 578 634 649 tempore
659 565 787 632 Siculis
812 568 1048 632 denuntiatum
1075 588 1150 632 esse

92 665 209 740 audio,
225 665 374 751 primum
392 665 435 728 ab
455 665 650 737 Hortensio,
671 667 810 730 domum
830 669 874 733 ad
891 669 985 732 illum
1005 681 1040 732 ut
1056 669 1150 733 veni·

92 778 189 831 rent:
219 765 357 830 Siculos
381 765 415 828 in
441 787 481 830 eo
501 787 584 830 sane
602 765 727 832 liberos
745 767 871 843 suisse3
897 768 1072 856 quiquam
1106 769 1150 834 ob
1181 796 1196 849 ς

91 890 166 933 rem
201 877 454 932 arcesserentur
492 887 570 930 cum
609 865 863 956 intellegerent,
898 892 967 936 non
1000 869 1146 934 venisse.

92 968 229 1032 Interea
254 966 391 1031 comitia
416 979 544 1041 nostra,
569 989 714 1053 quorum
740 969 803 1036 iste
828 991 877 1045 se,
899 981 936 1034 ut
960 981 1148 1034 ceterorum

91 1070 160 1134 hoc
191 1089 283 1134 anno
319 1066 546 1142 comitiorum,
581 1069 760 1134 dominum
798 1092 873 1136 esse
910 1070 1147 1143 arbitrabatur,

91 1169 213 1233 haberi
238 1180 360 1254 coepta
385 1178 473 1232 sunt.
526 1167 676 1234 Cursare
702 1171 764 1236 iste
790 1172 892 1236 homo
916 1183 1049 1256 potens,
1071 1192 1149 1234 cum

90 1270 164 1334 filio
183 1270 311 1334 blando
333 1279 365 1332 et
385 1268 549 1356 gratioso,
570 1270 700 1335 circum
727 1272 854 1336 tribus:
880 1284 1040 1356 paternos
1066 1271 1150 1334 ami·
1167 1298 1196 1332 10

91 1393 167 1445 cos,
186 1371 251 1435 hoc
277 1381 326 1435 est
350 1369 530 1446 divisores,
552 1371 728 1457 appellare
752 1394 872 1436 omnes
897 1383 930 1436 et
952 1371 1147 1437 convenire.

92 1470 201 1554 Quod
229 1492 308 1535 curn
338 1482 428 1536 esset
455 1471 665 1536 intellectum
695 1484 728 1536 et
752 1473 1042 1547 animadversum,
1073 1471 1151 1537 lecit

92 1573 210 1636 animo
239 1571 464 1636 libentissimo
493 1574 641 1657 populus
669 1572 863 1646 Romanus,
886 1584 922 1636 ut
945 1571 1041 1659 cujus
1066 1571 1151 1635 divi-

89 1673 161 1736 tiae
183 1673 300 1736 mede
323 1671 391 1736 fide
415 1671 585 1736 deducere
611 1694 679 1737 non
704 1673 905 1757 potuissent,
929 1693 972 1736 ne
997 1672 1148 1760 ejusdem

90 1771 241 1858 pecunia
258 1772 300 1836 de
319 1772 448 1836 honore
467 1771 633 1837 deicerer.
1167 1798 1196 1847 15

136 1888 186 1934 aa.
209 1870 332 1936 Postea
358 1892 462 1958 quam
480 1872 539 1936 illa
557 1872 727 1957 petitionis
745 1893 873 1959 magna
890 1893 971 1938 cura
989 1872 1151 1937 liberatus

90 1995 184 2046 sum,
204 1973 319 2036 animo
340 1971 438 2056 coepi
460 1973 566 2037 multo
589 1973 701 2059 magis
726 1993 834 2036 vacuo
859 1993 901 2037 ac
925 1973 1047 2046 soluta,
1067 1972 1151 2036 nihil

91 2074 189 2138 aliud
207 2073 270 2138 nisi
294 2075 336 2137 de
359 2073 490 2161 judicio
516 2093 621 2159 agere
647 2084 680 2137 et
704 2073 868 2160 cogitare.
917 2073 1082 2157 Reperi0‚
1098 2072 1153 2159 ju-

91 2175 202 2247 dices,
237 2176 325 2239 haec
358 2174 401 2238 ab
435 2173 506 2238 istis
537 2173 680 2238 consilia
709 2173 791 2237 inita
820 2185 853 2236 et
881 2173 1073 2247 constituta,
1101 2186 1149 2248 ut,

90 2295 313 2362 quacumque
342 2285 457 2359 posset
481 2273 627 2348 ratione,
652 2294 706 2337 res
727 2273 773 2336 ita
795 2273 990 2348 duceretur,
1009 2285 1043 2336 ut
1060 2272 1151 2358 apud
1166 2298 1197 2330 20

91 2375 148 2440 M.
184 2374 365 2440 Metellum
406 2384 597 2460 praetorem
640 2393 752 2438 causa,
786 2373 965 2436 diceretur.
1031 2372 1071 2436 In
1111 2394 1151 2437 eo

92 2497 172 2541 esse
201 2477 288 2541 haec
318 2475 521 2541 commoda:
555 2472 703 2560 primum
729 2472 781 2536 Μ.
810 2471 989 2536 Metellum
1017 2473 1153 2538 amicis·

92 2577 241 2649 simum3
262 2577 387 2642 deinde
403 2574 626 2641 Hortensium
642 2574 818 2638 consulem
830 2594 897 2636 non
914 2571 1055 2658 [solum,
1069 2572 1147 2658 sed]

92 2679 198 2742 etiam
213 2676 267 2762 Q
280 2677 473 2752 Metellum,
490 2675 546 2762 qui
567 2695 670 2761 quam
690 2674 743 2738 isti
762 2673 804 2738 sit
821 2672 950 2736 amicus
968 2672 1150 2737 attendite:

93 2778 190 2844 dedit
213 2778 303 2842 enirn
330 2777 606 2864 praerogativam
634 2796 719 2840 suae
739 2773 922 2838 voluntatis
947 2772 1019 2860 ejus
1045 2772 1150 2847 modi,
1166 2797 1196 2845 ²5

92 2889 132 2942 ut
156 2877 208 2942 isti
234 2899 295 2962 pro
320 2877 568 2964 praerogativis
593 2897 670 2940 earn
698 2873 886 2940 reddidisse
912 2872 1078 2936 videatur.

34 3041 40 3054 ,
139 2994 186 3040 27.
209 2975 267 3042 An
292 2999 346 3040 me
371 2977 551 3041 taciturum
573 2977 674 3040 tantis
695 2975 737 3038 de
756 2975 857 3038 rebus
876 2968 1152 3036 existimavistis?

94 3087 128 3142 et
152 3097 220 3152 me,
242 3076 277 3140 in
304 3087 397 3141 tanto
426 3076 474 3140 rei
503 3075 662 3161 publicae
694 3071 1021 3157 existimationisque
1054 3093 1151 3136 meae

94 3176 262 3262 peuculo,
285 3176 445 3262 cuiquam
470 3176 703 3241 consulturum
728 3174 839 3261 potius
860 3193 963 3259 quam
983 3171 1095 3237 officio
1120 3183 1153 3236 et

95 3275 255 3362 dignitati
274 3273 395 3339 meae?
441 3274 596 3339 Arcessit
616 3276 700 3339 alter
725 3275 844 3340 consul
872 3273 1072 3358 designatus
1097 3270 1152 3336 Si·
1167 3297 1199 3345 30

97 3377 215 3440 culos:
243 3375 384 3439 veniunt
403 3395 471 3439 non
494 3374 592 3449 nulli,
612 3386 791 3459 propterea
813 3373 904 3460 quod
927 3372 969 3436 L.
985 3370 1151 3436 Metellus

97 3486 188 3540 esset
218 3486 352 3561 praetor
383 3475 418 3538 in
447 3473 578 3539 Sicilia.
642 3474 733 3539 Cum
765 3475 806 3540 iis
834 3476 879 3538 ita
911 3473 1078 3559 loquitur:
1114 3492 1151 3536 se

99 3576 274 3640 consulem
303 3596 398 3647 esse3
432 3574 570 3638 fratrem
600 3595 699 3638 suum
724 3575 867 3639 alterum
894 3573 1047 3639 Siciliam
1074 3593 1151 3656 pro-

97 3675 245 3739 vinciam
259 3675 424 3748 obtinere,
441 3675 584 3738 alterum
600 3695 675 3738 esse
688 3675 921 3760 quaesiturum
936 3675 978 3739 de
996 3671 1151 3759 pecuniis

99 3775 317 3860 repetundis3
356 3773 459 3840 Verri
486 3795 530 3840 ne
554 3773 669 3839 noceri
694 3774 801 3859 possit
826 3775 939 3838 multis
963 3773 1151 3840 rationibus
1171 3799 1202 3848 ³5

100 3896 175 3942 esse
198 3875 384 3960 provisum.

616 3999 633 4041 ,ι
