2668 4262
177 199 221 280 96
468 195 683 283 Conspiracy
707 198 755 282 os
775 196 938 263 Catilina,
1069 195 1192 266 [Carra.
1211 196 1233 247 1.
1329 293 1330 298 .

178 397 279 462 modo
301 419 338 462 se
360 420 428 462 non
457 398 745 473 contaminarunt,
773 399 834 464 sed
863 398 966 463 etiam
994 385 1242 472 honestarunt,
1329 379 1330 412 ³

178 510 267 562 certe
295 499 482 563 verendum
509 499 590 561 mihi
616 520 684 562 non
709 512 781 562 erat
806 520 848 562 ne
872 500 954 584 quid
975 500 1041 564 hoc
1061 500 1236 584 parricida

178 599 303 662 civium
320 598 495 662 interfecto
512 598 661 663 invidiae
686 599 768 661 mihi
794 599 827 661 in
853 599 1083 682 posteritatem
1108 602 1236 664 redun-

179 700 285 763 daret.
336 697 441 784 Qrod
466 699 493 762 si
518 719 558 762 ea
584 698 667 762 mihi
693 699 844 761 maxime
867 698 1093 784 impenderet,
1115 713 1234 764 tamen
1329 737 1330 740 =

148 802 244 888 5lroc
269 799 382 863 animo
403 799 449 863 fui
467 820 616 884 semper,
635 809 671 862 ut
686 799 852 863 invidiam
870 797 990 864 virtute
1007 814 1140 885 partam
1159 802 1237 887 glo·

179 899 274 973 riam,
307 921 373 964 non
407 899 571 963 invidiam
603 913 771 984 putarem.
835 916 884 964 so.
908 899 1131 987 Quamquam
1164 922 1236 964 nou

180 999 262 1064 nulli
280 1011 357 1064 sunt
374 1000 407 1063 in
426 1002 490 1064 hoc
505 1001 638 1073 ordine,
657 999 715 1086 qui
733 1012 790 1065 aut
807 1023 848 1066 ea
864 1023 953 1087 quae
969 1001 1148 1065 imminent
1164 1022 1237 1064 non

179 1100 329 1174 videant,
345 1113 403 1164 aut
419 1122 459 1165 ea
476 1121 565 1187 quae
577 1101 695 1166 vident
711 1101 946 1165 dissimulent:
967 1101 1023 1187 qui
1041 1122 1138 1185 spem
1152 1099 1239 1166 Cat·

178 1200 281 1264 ilinae
306 1200 465 1265 mollibus
492 1201 667 1266 sententiis
700 1201 869 1276 aluerunt,
895 1201 1238 1289 conjurationemque

134 1331 164 1368 ιο
179 1311 375 1365 nascentem
411 1323 479 1366 non
514 1302 687 1367 credendo
722 1302 1047 1366 corroboraverunt:
1086 1321 1239 1386 quorum

179 1401 411 1466 auctoritatem
441 1401 547 1466 secuti
575 1403 671 1467 multi
700 1425 768 1468 non
797 1404 908 1467 solum
933 1401 1091 1486 improbi,
1113 1421 1239 1465 verum

179 1501 281 1564 etiam
299 1501 458 1586 imperiti,
477 1503 505 1566 si
527 1502 561 1566 in
586 1503 679 1568 hunc
703 1501 1241 1576 animadvertissem,crudeliter

180 1615 212 1666 et
228 1604 323 1690 regie
340 1604 466 1668 sactum
484 1627 559 1670 esse
576 1606 740 1671 dicerent.
790 1606 895 1671 Nunc
912 1606 1087 1692 intelleg0,
1107 1605 1134 1669 si
1156 1605 1239 1679 iste,

180 1725 247 1789 quo
264 1703 419 1777 intendit,
437 1705 472 1769 in
496 1703 676 1771 Manliana
700 1719 811 1772 eastra
836 1706 1041 1792 pervenerit,
1060 1705 1241 1770 neminem

136 1817 247 1887 15tam
274 1805 412 1868 stultum
437 1804 509 1869 sore
537 1806 595 1891 qui
623 1827 691 1870 non
718 1807 833 1872 videat
860 1805 1129 1893 conjurationem
1158 1827 1242 1870 esse

181 1904 319 1978 factam,
352 1904 525 1968 neminem
556 1916 625 1970 tam
657 1906 850 1990 improbum
883 1907 940 1992 qui
974 1927 1042 1970 non
1075 1906 1239 1970 fateatur.

183 2005 260 2070 Hoc
277 2017 388 2068 autem
407 2027 475 2069 uno
492 2005 681 2079 interfecto,
700 2006 863 2094 intellego
888 2007 979 2070 hanc
1003 2007 1051 2070 rei
1077 2006 1244 2091 publicae

181 2121 310 2193 pestem
329 2109 502 2193 paulisper
519 2106 670 2191 reprimi,
689 2107 809 2170 nonin
828 2119 1029 2192 perpetuum
1056 2105 1244 2190 comprimi
1327 2123 1328 2126 ’

182 2230 294 2293 posse.
337 2207 441 2293 Qrod
459 2207 487 2271 si
501 2229 537 2271 se
554 2206 702 2295 ejecerit,
718 2227 905 2293 secumque
922 2227 1002 2270 suos
1019 2205 1186 2278 eduxerit,
1206 2219 1246 2270 et

134 2335 165 2372 20
182 2311 301 2373 eodem
317 2323 446 2372 ceteros
463 2308 613 2394 undique
626 2307 799 2372 conlectos
817 2306 1005 2392 naufragos
1023 2305 1242 2392 adgregarit,
1284 2348 1286 2356 ι

181 2410 418 2496 exstinguetur
435 2419 534 2494 atque
552 2407 718 2472 delebitur
735 2428 802 2470 non
821 2407 922 2470 modo
936 2407 1023 2469 haec
1036 2417 1104 2468 tam
1119 2405 1245 2470 adulta

182 2511 229 2572 rei
253 2510 410 2593 publicae
428 2508 543 2592 pestis,
562 2527 681 2571 verum
698 2507 800 2572 etiam
817 2506 918 2590 stirps
935 2525 977 2569 ac
993 2525 1111 2569 semen
1130 2505 1243 2570 malo·

181 2632 256 2673 rum
274 2609 439 2694 omnium,
454 2634 468 2683 ,1

227 2729 303 2773 xnr.
328 2725 369 2771 31.
394 2707 527 2772 Etenim
553 2705 625 2792 jam
654 2707 725 2779 diu,
753 2717 866 2791 patres
894 2704 1091 2788 conscripti,
1119 2705 1153 2768 in
1181 2705 1246 2771 his

134 2836 165 2889 ²5
183 2808 341 2893 periculis
359 2807 599 2892 conjurationis
615 2805 814 2891 insidiisque
831 2825 1021 2875 versamur,
1041 2805 1101 2867 sed
1119 2805 1246 2870 nescio

181 2932 249 2996 quo
266 2921 365 2994 paeto
382 2907 533 2971 omnium
551 2906 720 2970 scelerum
739 2926 779 2969 ac
796 2904 919 2968 veteris
936 2903 1058 2968 furoris
1076 2917 1109 2968 et
1130 2904 1246 2969 auda-

182 3010 256 3074 ciae
289 3008 463 3071 maturitas
494 3007 528 3069 in
564 3005 667 3070 nostri
704 3005 901 3068 consulatus
938 3016 1074 3088 tempus
1111 3004 1239 3088 erupit.

183 3108 287 3192 Quod
305 3107 332 3170 si
350 3127 393 3170 ex
410 3118 502 3170 tanto
518 3105 694 3170 latrocinio
707 3104 769 3168 iste
782 3126 870 3168 unus
882 3104 1028 3178 tolletur,
1044 3104 1244 3169 videbimur

183 3210 324 3274 fortusse
345 3207 388 3270 ad
408 3207 510 3270 breve
530 3206 703 3292 quoddam
725 3215 859 3287 tempus
880 3223 962 3268 cura
986 3216 1019 3267 et
1044 3218 1134 3266 metu
1158 3203 1242 3270 ess'e

135 3333 168 3388 30
183 3307 343 3380 relevati3
376 3306 565 3390 periculum
590 3316 702 3368 autem
727 3302 900 3377 residebit,
923 3316 956 3367 et
980 3303 1042 3367 erit
1063 3304 1239 3371 inclusum
1329 3385 1330 3392 ἵ

183 3409 316 3495 penitus
333 3407 366 3470 in
385 3405 481 3471 venis
502 3417 601 3490 atque
625 3404 658 3467 in
683 3403 869 3468 visceribus
893 3403 941 3467 rei
967 3403 1138 3488 publicae.
1187 3402 1241 3470 Ut

86 3546 87 3549 κ
183 3531 285 3593 saepe
315 3507 470 3570 homines
499 3504 593 3590 aegri
623 3505 740 3568 morbo
769 3503 879 3589 gravi,
905 3524 983 3568 curn
1014 3515 1108 3567 aestu
1133 3503 1239 3568 sebri—
1329 3553 1330 3556 η

183 3631 248 3694 que
270 3608 453 3696 jactantur,
475 3604 504 3668 si
528 3624 650 3688 aquam
673 3604 823 3689 gelidam
845 3603 1002 3677 biberint,
1022 3604 1131 3688 primo
1148 3605 1238 3668 rele-

182 3709 254 3770 vari
282 3706 451 3777 videntur,
475 3705 599 3768 deinde
628 3704 733 3766 multo
762 3703 901 3788 gravius
928 3703 1237 3789 vehementiusque

137 3830 168 3882 35
185 3805 417 3876 adflictantur;
439 3803 488 3866 sic
502 3803 557 3865 hie
570 3803 720 3872 morbus,
736 3801 792 3887 qui
807 3813 857 3865 est
873 3803 907 3864 in
925 3824 960 3864 re
978 3803 1128 3886 publica,
1147 3803 1238 3867 rele-
1329 3803 1330 3846 3

183 3917 280 3969 vatus
308 3903 402 3968 istius
431 3923 554 3986 poena,
579 3901 815 3966 vehementius
843 3901 982 3986 reliquis
1006 3901 1093 3966 vivis
1116 3903 1237 3990 ingra·
1329 3903 1330 3906 ’
