2714 4266
191 212 232 258 22
515 193 672 280 Drffence
696 195 744 280 of
758 193 915 259 Roscius.
1053 190 1161 260 [Rosc.
1185 191 1254 242 ΑΜ.

191 393 398 459 maleficium
416 393 594 479 pertineat,
614 416 692 460 cum
708 395 853 459 videatis
870 415 913 458 ex
930 393 1036 458 altera
1053 405 1149 478 parte
1171 413 1254 458 sec-

189 505 310 569 torem,
340 494 531 569 inimicum‚
564 495 726 559 sicarium
758 497 976 580 eundemque
1009 506 1253 558 accusatorem

190 596 257 660 hoc
272 607 445 680 tempore;
475 615 519 658 ex
542 595 648 659 altera
673 608 768 679 parte
785 605 958 681 egentem,
977 594 1157 679 probatum
1174 591 1253 658 suis

190 697 311 771 filium,
330 697 364 760 in
389 717 456 781 quo
482 717 550 759 non
576 697 678 760 modo
703 696 806 781 culpa
831 697 938 769 nulla,
958 695 1019 759 sed
1043 716 1086 758 ne
1103 693 1252 778 suspitio

160 797 330 882 squidem
361 796 469 881 potuit
500 793 707 860 consistere?
764 815 841 859 L111.
875 811 922 858 56.
954 794 1132 880 Numquid
1165 793 1252 858 huic

191 895 285 960 aliud
309 896 430 960 videtis
457 895 591 960 obstare
620 893 803 982 [Roscio]‚
824 895 887 959 nisi
913 895 1004 980 quod
1030 895 1134 979 patris
1153 894 1251 958 bona

190 993 391 1061 venierunt?
439 994 572 1080 Quodsi
598 995 633 1059 id
655 1016 716 1059 vos
741 995 924 1080 suscipitis,
946 1007 979 1058 et
1002 1015 1078 1058 eam
1104 993 1148 1058 ad
1172 1015 1250 1058 rem

190 1117 330 1180 operam
356 1108 503 1160 vestram
531 1094 749 1180 profitemini,
775 1094 804 1159 si
827 1095 955 1160 idcirco
981 1093 1119 1168 sedetis,
1144 1105 1180 1156 ut
1204 1093 1251 1156 ad

191 1217 252 1260 vos
274 1196 488 1260 adducantur
508 1216 625 1258 eorum
647 1194 744 1259 liberi
768 1215 913 1280 quorum
937 1195 1028 1260 bona
1052 1193 1249 1267 venierunt,

147 1320 176 1356 10
192 1308 322 1370 cavete,
341 1317 402 1380 per
418 1295 501 1360 deos
517 1294 731 1368 immortalis,
746 1294 894 1383 judices,
915 1316 958 1359 ne
976 1315 1066 1358 nova
1082 1305 1116 1358 et
1140 1293 1251 1357 multo

192 1396 362 1460 crudelior
379 1417 441 1480 per
455 1416 517 1459 vos
542 1393 743 1480 proscriptio
766 1394 955 1459 instaurata
977 1415 1053 1458 esse
1075 1393 1246 1458 videatur.

192 1495 292 1570 Illam
310 1495 472 1580 priorem,
491 1516 580 1580 quae
598 1495 686 1559 facta
704 1495 806 1560 estin
831 1517 890 1560 eos
914 1494 972 1582 qui
998 1515 1095 1558 arma
1120 1515 1249 1580 capere

192 1607 387 1681 potuerunt,
415 1607 530 1659 tamen
562 1605 701 1659 senatus
733 1595 908 1680 suscipere
941 1595 1060 1670 noluit,
1089 1616 1132 1659 ne
1164 1594 1249 1680 quid

192 1696 304 1760 acrius
321 1716 424 1781 quam
444 1717 536 1760 more
554 1695 722 1782 majorum
740 1708 977 1781 comparatum
995 1707 1084 1760 esset
1108 1695 1249 1780 publico

148 1820 157 1856 ι
163 1820 177 1872 5
192 1795 333 1860 consilio
351 1795 477 1859 sactum
495 1795 677 1859 videretur.
729 1794 831 1859 Hanc
846 1817 942 1869 veru,
960 1815 1049 1882 quae
1067 1795 1111 1859 ad
1127 1816 1248 1859 eorum

191 1895 317 1960 liberos
334 1907 434 1981 atque
452 1896 496 1958 ad
514 1894 693 1958 infantium
711 1915 896 1978 puerorum
913 1893 1122 1959 incunabula
1145 1894 1249 1980 perti-

191 2005 261 2069 net,
286 1995 350 2060 nisi
379 1995 445 2058 hoc
469 1994 599 2082 judicio
627 2015 647 2058 a
673 1994 769 2059 vobis
793 1994 919 2060 reicitis
943 2007 976 2060 et
999 1993 1247 2078 aspernamini,

191 2095 316 2169 videte,
336 2117 396 2180 per
413 2095 495 2159 deos
512 2095 726 2167 immortalis,
744 2117 848 2180 quem
863 2094 898 2158 in
916 2095 1030 2162 locum
1047 2116 1119 2159 rem
1137 2096 1250 2180 publi·

192 2217 268 2260 cam
285 2206 526 2280 perventuram
544 2195 679 2279 putetis.

146 2320 179 2356 20
237 2312 281 2359 5⁷.
307 2295 475 2359 Homines
492 2295 664 2380 sapientes
681 2305 714 2360 et
730 2295 794 2360 ista
812 2295 1008 2360 auctoritate
1025 2307 1059 2360 et
1083 2307 1249 2382 potestate

193 2396 377 2482 praeditos
396 2416 464 2481 qua
481 2418 541 2460 vos
565 2395 659 2468 estis,
678 2417 722 2459 ex
745 2396 869 2482 quibus
893 2395 994 2460 rebus
1019 2396 1169 2461 maxime
1193 2418 1249 2461 res

192 2497 329 2583 publica
344 2496 486 2569 laborat,
500 2496 549 2560 eis
568 2495 717 2559 maxime
735 2495 863 2560 mederi
880 2496 1051 2560 convenit.
1085 2495 1249 2561 Vestrum

194 2619 295 2661 nemo
313 2608 363 2660 est
378 2596 461 2683 quin
479 2596 656 2682 intellegat
666 2597 831 2681 populum
844 2595 1056 2671 Romanum,
1069 2597 1127 2683 qui
1141 2619 1250 2682 quon·

194 2698 274 2762 dam
299 2696 334 2760 in
358 2696 465 2760 hostis
489 2695 685 2760 lenissimus
709 2696 981 2771 existimabatur,
1000 2697 1066 2761 hoc
1093 2709 1249 2782 tempore

146 2819 177 2872 25
195 2796 382 2862 domestica
393 2796 592 2860 crudelitate
605 2796 775 2860 laborare.
808 2795 910 2860 Hanc
922 2796 1027 2861 tollite
1041 2818 1085 2860 ex
1098 2795 1246 2872 civitate,

199 2897 344 2986 judices.
395 2895 497 2960 Hanc
523 2894 592 2981 pati
618 2894 721 2959 nolite
748 2895 874 2960 diutius
902 2895 937 2959 in
963 2897 1088 2961 haere
1111 2896 1249 2982 publica

194 2997 337 3063 versari.
388 2994 491 3079 Quae
508 3017 576 3060 non
595 2996 695 3060 modo
713 2995 748 3060 id
764 2995 867 3060 habet
882 2995 917 3059 in
934 3017 971 3060 se
988 2997 1083 3071 mali,
1098 2997 1190 3082 quod
1203 3009 1250 3062 tot

195 3098 280 3163 civis
305 3095 516 3160 atrocissime
541 3095 687 3170 sustulit,
710 3116 831 3159 verum
855 3096 956 3160 etiam
983 3097 1177 3161 hominibus
1201 3097 1249 3162 le-

195 3197 345 3263 nissimis
370 3196 497 3260 ademit
513 3195 780 3260 misericordiam
799 3195 1044 3260 consuetudine
1061 3195 1249 3262 incommo-

149 3325 180 3379 30
195 3299 329 3364 dorum.
379 3296 473 3360 Nam
487 3317 564 3360 cum
577 3297 736 3361 omnibus
754 3295 846 3360 horis
860 3295 988 3382 aliquid
1006 3297 1163 3361 atrociter
1176 3297 1247 3361 fieri

194 3400 352 3466 videmus
378 3408 436 3462 aut
461 3397 631 3471 audimus
651 3397 754 3460 etiam
780 3396 837 3482 qui
859 3410 981 3461 natura
1006 3397 1173 3462 mitissimi
1194 3419 1249 3462 su-

196 3523 284 3573 mus,
304 3498 507 3564 adsiduitate
525 3496 757 3562 molestiarum
773 3519 912 3562 sensum
930 3518 1068 3562 omnem
1092 3498 1248 3563 humani-

195 3601 273 3666 tatis
290 3622 334 3664 ex
351 3598 474 3664 animis
491 3597 688 3661 amittimus.
