2714 4266
133 192 161 235 rc
177 181 233 253 ιιι]
408 182 479 250 The
501 183 642 250 Returu
667 187 715 272 ff
727 185 910 252 Lucullus.
1141 188 1185 270 67

131 395 262 470 optare.
311 383 404 450 Nam
423 407 500 450 cnm
518 407 555 450 se
573 385 607 450 in
625 407 771 474 regnum
788 409 886 452 suum
906 386 1102 474 recepisset,
1116 407 1185 452 non

130 486 194 549 suit
209 507 249 551 eo
267 498 457 559 contentus,
476 488 568 572 quod
586 487 616 550 ei
635 500 769 571 praeter
785 509 880 572 spem
895 489 1083 562 acciderat,
1096 526 1140 536 -
1151 499 1186 552 ut

128 587 238 660 illam,
251 598 483 671 posteaquam
497 588 614 676 pulsus
629 599 712 659 erat,
725 599 849 651 terram
864 611 1025 674 umquam
1040 589 1186 676 attinge·

128 699 192 756 ret,
205 687 321 750 —sed
337 685 574 749 inexercitum
592 699 743 750 nostrum
762 689 891 751 clarum
907 705 1007 774 utque
1022 690 1183 752 victorem

127 787 294 872 impetum
312 786 403 850 fecit.
453 785 562 850 Sinite
580 787 646 850 hoe
663 787 751 860 loco,
772 785 937 871 Quirites,
957 791 1044 852 sicut
1063 793 1183 873 poetae
1221 812 1235 864 ς

128 889 252 963 solent,
274 887 332 974 qui
354 908 408 952 res
428 886 609 950 Romanas
633 887 796 960 scribunt,
819 889 1002 972 praeterire
1028 911 1081 953 me
1106 911 1184 954 nos-

126 1001 216 1052 tram
245 987 489 1061 calamitatem,
512 1007 601 1074 quae
630 997 724 1050 tanta
752 986 826 1061 suit,
854 1001 888 1051 ut
917 1010 993 1052 eam
1023 989 1068 1054 ad
1092 987 1184 1054 auris
1212 1026 1216 1031 ,

133 1087 308 1176 [Luculli]
337 1087 550 1172 imperatoris
575 1108 643 1151 non
666 1107 710 1150 ex
732 1087 862 1171 proelio
884 1089 1035 1164 nuntius,
1057 1089 1118 1154 sed
1139 1110 1184 1154 ex

127 1209 286 1254 sermone
300 1209 416 1251 rumor
429 1187 588 1251 adferret.
629 1201 677 1250 26·
703 1185 818 1250 Hicin
833 1187 891 1252 illo
904 1188 978 1272 ipso
996 1190 1087 1254 malo
1104 1210 1184 1278 gra-

128 1289 336 1375 vissimaque
353 1287 434 1352 belli
448 1287 651 1362 offensione,
666 1286 711 1349 L.
728 1285 907 1363 Lucullus,
923 1290 980 1373 qui
994 1301 1108 1354 tamen
1122 1290 1184 1354 ali·
1201 1313 1231 1350 ro

127 1411 196 1476 qua
214 1410 258 1453 ex
276 1403 370 1473 parte
388 1388 437 1452 eis
454 1387 681 1452 incommodis
698 1387 826 1452 mederi
845 1387 987 1454 sortasse
1005 1389 1181 1475 potuisset,

126 1501 240 1599 vestJo
253 1489 351 1600 J'ussu
369 1499 578 1562 coactus,-
588 1487 645 1573 qui
667 1487 787 1571 imperi
808 1489 1016 1553 diuturnitati
1042 1491 1181 1554 modum

128 1573 346 1654 statdeiidum
364 1599 477 1652 vetere
494 1588 654 1672 exemplo
680 1588 927 1672 putavistis,-
938 1602 1068 1674 partem
1096 1590 1183 1655 mili-

127 1702 213 1762 turn,
235 1688 292 1774 qui
313 1687 386 1775 jam
407 1687 584 1772 stipendiis
601 1687 747 1752 consecti
764 1700 873 1763 erant,
892 1689 1031 1763 dimisit,
1051 1703 1181 1774 partem

128 1789 191 1853 Μ’.
210 1787 391 1854 Glabrioni
408 1787 558 1852 tradidit.
608 1786 720 1852 Multa
738 1800 914 1872 praetereo
934 1791 1101 1865 consulto,
1120 1792 1181 1856 sed
1199 1813 1228 1865 15

127 1911 170 1954 ea
186 1911 247 1954 vos
263 1888 459 1976 conjectura
476 1887 670 1976 perspicite,
686 1899 850 1973 quantum
868 1889 952 1953 illud
969 1889 1096 1954 bellurn
1111 1890 1181 1955 sac·

125 2002 199 2055 turn
217 1989 353 2074 putetis,
372 1989 464 2074 quod
481 1987 694 2075 conjungant
710 2009 811 2074 reges
830 1990 1063 2073 potentissimi,
1083 2012 1182 2056 reno-

98 2119 102 2126 ·
125 2100 209 2156 vent
224 2089 373 2176 agitatae
387 2089 555 2208 nationesz
574 2109 654 2152 susc
611 2088 774 2250 prunt
779 2089 933 2196 iptggrae
950 2103 1083 2177 genteS,
1098 2113 1182 2156 nov·

125 2213 168 2256 us
185 2191 230 2254 im
258 2201 456 2300 erator
385 2199 498 2252 noster
508 2161 557 2251 ac
557 2161 674 2350 {mitit
693 2201 807 2252 vetere
825 2177 974 2254 exercitu
971 2193 1103 2302 pJJlso.

172 2211 456 2354 redibens
426 2262 515 2350 mih1
535 2209 607 2350 irini
624 2309 643 2350 a
591 2234 903 2352 ἹιίιεῖιιιέιγΗτ
804 2269 926 2353 iecisse
927 2265 1085 2366 videbr,
1111 2311 1228 2378 quau>

125 2413 164 2456 re
192 2400 281 2454 esset
309 2389 376 2452 hoc
402 2367 530 2452 bellum
559 2409 688 2474 genere
713 2387 788 2472 ipso
813 2390 1057 2464 necessarium,
1083 2413 1181 2478 mag-

125 2491 280 2556 nitudine
313 2488 555 2574 periculosum.
605 2487 726 2552 Restat
757 2499 794 2551 nt
825 2489 867 2552 de
900 2489 1102 2575 imperatore
1135 2491 1180 2556 ad

124 2592 161 2656 id
200 2591 329 2655 bellum
369 2588 554 2674 deligendo
593 2608 635 2654 ac
674 2588 775 2654 tantis
814 2590 915 2656 rebus
947 2592 1179 2676 praeficiendo

125 2692 309 2757 dicendum
335 2710 411 2754 esse
435 2688 602 2752 videatur.

171 2791 325 2865 Utinam,
351 2787 517 2874 QuiriteS,
544 2789 694 2853 virorum
723 2789 859 2855 sortium
888 2803 988 2878 atque
1017 2791 1225 2864 innocen-25

123 2892 208 2957 tium
234 2890 368 2975 copiam
392 2900 521 2953 tantam
539 2890 723 2965 haberetis,
742 2902 779 2954 ut
796 2893 882 2956 baec
898 2892 995 2956 vobis
1011 2893 1179 2957 delibera·

123 2993 171 3058 tio
186 2990 334 3057 difficilis
351 3000 453 3104 esset,
468 3010 653 3101 querJJnam
670 2991 884 3076 potissimum
901 2992 1002 3056 tantis
1019 2992 1120 3057 rebus
1137 3013 1179 3056 ac

123 3103 218 3158 tanto
230 3092 321 3156 bello
334 3058 603 3174 praeficiendum
617 3091 802 3202 putaretis
795 3090 802 3136 l
836 3089 940 3155 Nunc
953 3114 1089 3156 vero-
1099 3113 1176 3156 curn

124 3193 167 3258 sit
183 3213 271 3256 unus
288 3189 355 3256 Cn.
371 3188 569 3273 Pompeius,
584 3191 642 3276 qui
661 3211 728 3254 non
747 3191 848 3254 modo
866 3213 982 3255 eorum
1001 3192 1177 3255 hominum

123 3293 182 3382 qui
206 3312 298 3357 nunc
321 3300 400 3354 sunt
422 3289 583 3376 gloriam,
603 3290 665 3356 sed
689 3289 791 3354 etiam
817 3291 1024 3377 antiquitatis
1049 3313 1178 3356 memo·
1193 3313 1226 3364 3⁰

123 3395 210 3459 riam
233 3392 355 3456 virtute
380 3391 603 3475 superarit-
613 3412 701 3477 quae
724 3411 779 3455 res
801 3401 851 3454 est
869 3412 958 3476 quae
975 3391 1177 3478 cujusquam

123 3494 277 3559 animum
294 3491 327 3556 in
345 3491 412 3556 hac
429 3511 535 3555 causa
552 3489 693 3555 dubium
719 3489 833 3554 facere
858 3491 963 3574 possit
969 3476 1129 3571 illuni.
1131 3513 1177 3578 go

12 3617 26 3632 ⁵
99 3619 100 3622 ¹
123 3616 216 3660 emm
233 3593 282 3659 sic
299 3591 469 3666 existimo,
488 3590 523 3654 in
548 3612 682 3655 summo
707 3589 908 3675 imperatore
932 3603 1090 3676 quattuor
1114 3593 1177 3656 has

122 3717 179 3762 res
195 3695 306 3760 inesse
323 3703 492 3778 oportere,
505 3689 737 3755 -scientiam
754 3689 803 3754 rei
821 3690 986 3764 militaris,
1004 3691 1174 3764 virtutem,

124 3795 371 3867 auctoritatem,
405 3791 614 3855 felicitatem.
680 3788 769 3874 Quis
805 3789 909 3876 igitur
940 3793 1006 3855 hoc
1038 3791 1224 3865 homine35

124 3895 283 3964 scientior
297 3911 463 3982 umquam
480 3901 539 3956 aut
554 3889 618 3954 fuir
633 3900 691 3954 aut
708 3911 782 3956 esse
800 3887 939 3956 debuit?
969 3889 1027 3978 qui
1052 3911 1071 3954 e
1095 3891 1196 3956 ludo·
