2714 4266
110 185 246 264 L11·1s2·]
372 195 443 260 His
466 194 612 284 Appcal
632 205 666 262 ta
691 197 746 262 lde
775 197 896 263 Court.
1121 220 1159 266 21

107 397 166 482 qui
184 397 250 461 hoc
266 395 527 483 facerentquod
552 396 666 462 facere
690 397 879 464 Messalam
905 400 1163 491 videtis-qui

107 510 212 581 caput
235 497 425 562 innocentis
450 497 685 572 defenderent,
704 499 761 584 qui
787 499 930 586 injuriae
955 501 1161 578 resisterent,

107 600 167 684 qui
184 610 348 682 quantum
374 601 512 682 possent
536 597 570 660 in
596 599 704 663 salute
729 600 866 664 alterius
889 622 993 686 quarn
1011 603 1044 666 in
1062 605 1164 669 exitio

109 698 251 760 mallent
270 698 470 771 ostendere3
500 698 592 783 quod
610 699 637 762 si
655 721 775 764 omnes
792 700 849 784 qui
868 701 989 766 eodem
1008 703 1082 767 loco
1094 705 1163 769 nati

108 809 189 862 sunt
204 798 368 873 facerent,
388 811 421 862 et
437 820 491 864 res
508 797 646 884 publica
664 820 708 862 ex
731 799 796 864 illis
823 811 856 864 et
880 801 944 886 ipsi
968 824 1012 868 ex
1035 803 1164 870 invidia
1196 826 1212 884 ς

109 898 225 964 minus
242 899 448 966 laborarent.

156 1021 217 1066 Lu.
241 1017 286 1064 53.
309 1000 440 1066 Verum
466 999 494 1065 si
514 1021 534 1064 a
552 997 796 1088 Chrysogono,
812 1000 960 1089 judices,
973 1026 1041 1069 non
1057 1005 1166 1091 impe·

109 1113 254 1178 tremus,
270 1114 306 1168 ut
318 1102 465 1188 pecunia
479 1112 594 1168 nostra
612 1113 790 1167 contentus
809 1102 863 1174 sit,
878 1102 982 1167 vitam
999 1127 1042 1170 ne
1059 1117 1163 1191 petat,

109 1203 194 1268 -si
220 1204 278 1268 ille
304 1203 428 1268 adduci
452 1225 520 1268 non
544 1213 665 1288 potest,
692 1214 741 1277 ut,
768 1223 847 1268 cum
877 1204 1043 1269 ademerit
1067 1206 1166 1271 nobis

109 1304 227 1368 omnia
253 1325 342 1390 quae
368 1314 482 1368 nostra
509 1315 606 1368 erant
634 1303 785 1388 propria,
811 1325 854 1366 ne
887 1304 998 1367 lucem
1031 1327 1166 1392 quoque
1183 1331 1214 1368 ιο

110 1405 216 1476 hanc,
243 1425 332 1490 quae
364 1405 556 1468 communis
587 1415 651 1478 est,
682 1402 815 1486 eripere
844 1404 1066 1488 cupiat‚-si
1098 1427 1166 1470 non

110 1504 194 1569 satis
212 1503 507 1578 habetavaritiam
525 1525 622 1568 suam
641 1503 789 1589 pecunia
807 1504 957 1588 explere,
975 1505 1039 1569 nisi
1065 1506 1167 1569 etiam

110 1603 303 1668 crudelitati
332 1603 475 1690 sanguis
501 1603 673 1688 praebitus
703 1603 933 1678 sit,-unum
957 1604 1165 1692 perfugium,

108 1703 257 1791 judiceS,
275 1725 343 1768 una
360 1725 439 1788 spes
456 1703 587 1789 reliqua
604 1715 654 1768 est
672 1703 755 1768 Sex.
776 1703 919 1778 Rosci0,
939 1705 1061 1768 eadem
1078 1726 1168 1790 quae

111 1802 162 1867 rei
191 1803 361 1887 publicae,
387 1814 500 1868 vestra
526 1803 668 1888 pristina
694 1803 830 1868 bonitas
863 1814 896 1867 et
920 1804 1166 1870 misericordia.
1184 1831 1215 1885 15

113 1900 217 1985 Quae
235 1903 262 1968 si
286 1915 413 1978 manet,
433 1902 518 1968 salvi
543 1903 645 1967 etiam
671 1923 764 1968 nunc
788 1924 863 1968 esse
888 1925 1090 1988 possumus3
1117 1905 1169 1970 sin

111 2023 156 2066 ea
173 2003 369 2078 crudelitas,
389 2024 478 2088 quae
495 2004 562 2067 hoc
578 2013 731 2088 tempore
751 2002 786 2066 in
812 2025 848 2068 re
874 2003 1012 2088 publica
1035 2017 1170 2070 versata

113 2113 177 2176 est,
190 2113 320 2166 vestros
331 2124 468 2188 quoque
486 2102 619 2167 animos
631 2102 721 2166 —id
739 2104 830 2188 quod
844 2103 918 2166 fieri
937 2105 1087 2188 prolecto
1101 2124 1170 2170 non

112 2203 442 2287 potest—duriores
460 2203 721 2288 acerbioresque
739 2203 898 2275 reddidit,
916 2215 1028 2267 actum
1042 2216 1104 2278 est,
1116 2205 1171 2292 ju·

112 2301 229 2365 dices:
253 2301 446 2366 interseras
470 2302 576 2367 satius
601 2314 652 2366 est
676 2314 822 2367 aetatem
848 2303 987 2390 degere,
1008 2327 1109 2391 quam
1136 2305 1170 2368 in
1183 2333 1215 2368 20

112 2402 181 2464 hac
197 2411 290 2464 tanta
307 2401 518 2466 immanitate
535 2403 678 2468 versari.
727 2421 773 2468 54.
798 2402 995 2468 adeamne
1014 2427 1084 2468 rem
1109 2427 1170 2470 vos

112 2500 276 2566 reservati
293 2501 385 2575 estis,
405 2501 449 2566 ad
466 2523 588 2586 eamne
613 2524 686 2566 rem
711 2503 846 2575 delecti,
866 2516 902 2567 ut
926 2525 985 2568 eos
1009 2505 1171 2569 condem·

111 2600 253 2674 naretiS,
283 2622 367 2687 quos
400 2613 548 2666 sectores
581 2623 622 2666 ac
657 2602 770 2668 sicarii
807 2603 969 2690 jugulare
1009 2626 1076 2668 non
1110 2627 1171 2690 po-

111 2697 278 2766 tuissent?
325 2699 445 2765 Solent
477 2702 543 2766 hoc
576 2702 656 2766 boni
685 2703 908 2787 imperatores
938 2702 1064 2778 lacere,
1091 2725 1170 2770 cum

112 2801 282 2887 proelium
299 2801 523 2876 committunt,
543 2802 630 2866 utin
646 2824 687 2867 eo
705 2804 781 2867 loco
799 2824 866 2888 quo
884 2800 1003 2887 sugam
1022 2804 1168 2868 hostium
1183 2829 1213 2883 ²5

112 2901 186 2966 sore
211 2899 414 2965 arbitrentur
446 2902 569 2968 milites
594 2903 787 2976 conlucent,
806 2902 841 2966 in
867 2924 964 2987 quos
992 2902 1018 2966 si
1044 2903 1100 2988 qui
1126 2926 1169 2968 ex

114 3001 190 3066 acie
206 3001 367 3088 fugerint,
386 3001 428 3066 de
446 3001 632 3086 improviso
649 3003 815 3067 incidant.
866 3001 1038 3066 Nimirum
1052 3003 1170 3068 simili-

113 3114 166 3168 ter
190 3101 392 3166 arbitrantur
411 3101 465 3166 isti
487 3103 655 3168 bonorum
676 3115 859 3188 emptores
872 3124 989 3167 —vos
1006 3103 1074 3177 hic,
1092 3105 1169 3169 talis

116 3203 219 3277 viros,
237 3201 369 3276 sedere,
393 3201 451 3287 qui
475 3203 654 3289 excipiatis
680 3227 738 3269 eos
764 3202 822 3290 qui
848 3205 892 3268 de
917 3202 987 3267 suis
1012 3204 1169 3270 manibus

117 3302 310 3387 effugerint.
360 3301 405 3366 Di
430 3304 645 3388 prohibeant,
661 3305 810 3393 judices,
829 3316 866 3368 ut
889 3304 968 3376 hoc,
986 3304 1077 3390 quod
1097 3326 1169 3368 ma·
1181 3331 1213 3384 30

121 3405 213 3493 jores
230 3403 409 3468 consilium
427 3405 603 3490 publicum
620 3407 736 3472 vocari
750 3407 943 3479 voluerunt,
959 3404 1169 3489 praesidium

116 3519 283 3572 sectorum
302 3505 524 3571 existimetur.

159 3623 202 3670 55.
225 3605 282 3670 An
300 3629 392 3681 vero,
408 3607 555 3695 judices
574 3632 635 3674 vos
652 3631 719 3674 non
744 3608 942 3696 intellegitis
966 3605 1052 3669 nihil
1077 3605 1170 3670 aliud

117 3705 174 3795 agi
198 3707 261 3772 nisi
286 3719 322 3772 ut
346 3708 610 3794 proscriptorum
637 3709 732 3773 liberi
759 3709 879 3795 quavis
895 3708 1030 3773 ratione
1048 3707 1169 3772 tollan-

115 3818 180 3882 tur,
204 3818 237 3872 et
262 3807 335 3896 ejus
359 3808 407 3872 rei
425 3808 556 3872 initium
577 3809 611 3872 in
634 3821 745 3874 vestro
768 3809 991 3897 jurejurando
1013 3819 1113 3893 atque
1133 3806 1167 3870 in
1185 3833 1216 3887 35

115 3905 199 3972 Sex.
219 3907 325 3973 Rosci
342 3907 494 3993 periculo
510 3907 652 3995 quaeri?
701 3908 897 3973 Dubiumne
921 3919 972 3972 est
995 3907 1039 3972 ad
1063 3927 1166 3994 quem
