2668 4262
79 204 181 246 xxxvi.
199 192 257 263 78.]
314 193 454 282 Bloody
476 194 587 282 Ft'gkt
610 196 646 260 in
671 195 727 260 the
749 194 896 262 Forum.
1069 195 1131 282 163

76 422 144 466 non
159 395 331 483 privatum
345 409 404 462 aut
415 396 601 483 plebeium,
614 398 675 463 sed
687 396 867 482 patricium
880 408 914 462 et
925 398 1132 484 praetorium

76 525 152 568 esse
171 499 427 564 arbitrarentur.

120 603 220 668 Nihil
237 623 349 688 neque
369 610 446 662 ante
465 599 530 662 hoc
546 610 681 682 tempus
698 619 809 684 neque
829 600 895 664 hoc
919 599 993 684 ipso
1017 602 1133 665 turbu·

74 705 265 770 lentissimo
300 701 354 766 die
388 699 617 764 criminamini
646 697 810 762 Sestium.
862 698 990 786 ‘Atqui
1018 701 1068 764 vis
1097 701 1132 764 in

74 807 148 870 soro
171 817 307 872 versata
332 801 408 866 est.’
455 798 579 864 Certe:
606 799 745 885 quaudo
769 799 861 864 enim
886 799 1017 887 major?
1062 799 1168 885 La·5

75 907 268 991 pidationes
295 923 462 990 persaepe
488 899 657 964 vidimus:
683 921 751 964 non
771 899 816 964 ita
833 921 951 984 saepe,
969 902 1029 966 sed
1046 902 1133 965 nim·

73 1008 143 1071 ium
162 1020 280 1073 tamen
297 1027 400 1091 saepe
416 1001 563 1091 gladios.
603 998 758 1065 Caedem
771 1021 852 1064 vero
865 1013 1007 1074 tantam,
1022 1013 1133 1068 tantos

73 1127 219 1172 acervos
244 1105 427 1191 corporum
454 1113 657 1174 exstructos
679 1099 745 1164 nisi
774 1099 858 1164 sorte
886 1100 944 1165 illo
973 1099 1132 1166 Cinnano

73 1219 176 1293 atque
195 1206 387 1272 Octaviano
403 1204 472 1279 die,
490 1203 568 1290 quis
586 1221 749 1286 umquam
773 1199 807 1264 in
833 1199 904 1265 foro
929 1201 1035 1265 vidit?
1064 1221 1132 1286 qua

72 1329 117 1372 ex
146 1307 374 1373 concitatione
403 1300 619 1370 animorum?
666 1299 759 1364 Nam
788 1321 832 1365 ex
860 1300 1047 1385 pertinacia
1076 1312 1133 1366 aut
1155 1341 1186 1382 ,ο

73 1407 267 1472 constantia
292 1405 525 1471 intercessoris
548 1403 654 1470 oritur
677 1421 782 1486 saepe
808 1400 941 1472 seditio,
959 1401 1062 1485 culpa
1084 1415 1132 1466 at·

72 1528 139 1593 que
157 1507 374 1592 improbitate
392 1507 508 1570 latoris
524 1505 638 1570 oblato
655 1501 837 1566 commodo
862 1501 977 1587 aliquo
996 1501 1133 1585 imperi·

73 1609 115 1672 tis
141 1620 201 1673 aut
226 1607 426 1694 largitione3
458 1605 563 1670 oritur
591 1626 636 1669 ex
668 1603 920 1670 concertatione
952 1603 1132 1689 magistra·

72 1718 168 1774 tuum
184 1732 192 1783 3
214 1709 319 1774 oritur
336 1707 463 1780 sensim
476 1729 520 1770 ex
533 1707 685 1770 clamore
703 1704 863 1790 primum,
879 1703 1003 1768 deinde
1017 1702 1132 1790 aliqua

73 1809 287 1875 discessione
305 1807 492 1872 contionis:
518 1806 588 1877 vix,
608 1828 685 1872 sero
701 1817 734 1870 et
750 1826 827 1870 raro
844 1806 888 1870 ad
910 1826 1031 1869 manus
1056 1826 1132 1889 per·
1155 1832 1186 1887 15

73 1910 221 1975 venitur.
273 1908 381 1972 Nullo
398 1929 479 1972 vero
494 1906 600 1970 verbo
616 1905 720 1981 facto,
737 1907 833 1970 nulla
854 1906 1010 1972 contione
1028 1906 1132 1971 advo·

73 2022 163 2084 cata,
179 2009 275 2073 nulla
293 2008 366 2071 lata
385 2007 476 2094 lege,
491 2005 695 2071 concitatam
710 2018 911 2072 nocturnam
924 2007 1131 2076 ,seditionem

73 2110 148 2195 quis
166 2106 318 2174 audivit?
360 2125 401 2172 41.
424 2107 482 2173 An
500 2107 569 2172 veri
587 2107 698 2172 simile
715 2118 778 2181 est,
798 2119 833 2172 ut
849 2108 933 2172 civis
951 2107 1131 2172 Romanus

73 2221 131 2274 aut
149 2212 253 2276 homo
271 2209 357 2274 liber
375 2208 555 2295 quisquam
574 2229 653 2271 curn
669 2208 788 2295 gladio
805 2207 838 2272 in
857 2208 967 2273 sorum
988 2210 1132 2274 descen·

74 2310 159 2374 derit
185 2322 263 2374 ante
282 2310 407 2383 lucem,
426 2330 470 2373 ne
487 2308 530 2372 de
549 2329 603 2371 me
621 2307 700 2372 ferri
718 2321 901 2393 pateretur,
922 2323 1130 2394 praeterens
1153 2327 1188 2364 20

73 2411 129 2496 qui
148 2411 267 2476 abillo
285 2409 443 2494 pestifero
462 2429 503 2472 ac
519 2408 651 2494 perdito
665 2409 730 2473 civi
744 2410 818 2496 jam
836 2411 967 2494 pridem
980 2411 1028 2475 rei
1046 2411 1131 2496 pub·

74 2510 160 2577 licae
178 2511 349 2598 sanguine
366 2507 592 2596 saginantur?
641 2509 709 2574 Hic
729 2509 802 2597 jam
822 2512 866 2576 de
890 2511 964 2596 ipso
989 2532 1131 2576 accusa-

73 2620 143 2676 tore
168 2633 310 2698 quaero,
334 2610 392 2696 qui
416 2609 457 2674 P.
483 2608 632 2674 Sestium
650 2611 804 2696 queritur
820 2631 898 2676 cum
917 2612 1131 2676 multitudine

74 2709 106 2773 in
129 2713 302 2777 tribunatu
323 2723 452 2775 etcum
474 2710 645 2794 praesidio
672 2732 800 2798 magno
824 2711 942 2787 fuisse,
967 2735 1049 2777 num
1073 2713 1131 2776 illo

74 2811 128 2876 die
154 2809 275 2876 fuerit?
322 2810 424 2876 Certe
445 2809 605 2876 nonfuit.
655 2810 757 2876 Victa
775 2812 877 2899 igitur
894 2825 944 2876 est
961 2833 1065 2884 causa
1082 2812 1130 2877 rei
1154 2817 1186 2873 2⁵

75 2913 245 2996 publicae,
264 2923 298 2976 et
314 2912 401 2976 victa
420 2933 486 2975 non
505 2911 681 2997 auspiciis,
702 2935 770 2978 nou
787 2913 1043 2987 intercessione,
1062 2935 1130 2978 non

75 3011 261 3100 suffragiis,
280 3011 340 3076 sed
365 3011 411 3087 vi,
433 3033 550 3087 manu,
574 3012 676 3077 serro.
726 3013 820 3079 Nam
845 3014 872 3078 si
898 3014 1133 3079 obnuntiasset

79 3108 272 3199 [Fabricio]
293 3110 322 3178 is
332 3119 485 3199 praetor
501 3115 558 3200 qui
578 3135 614 3180 se
633 3137 788 3181 servasse
805 3116 849 3180 de
866 3115 963 3180 caelo
982 3115 1130 3190 dixerat,

76 3212 264 3298 accepisset
280 3234 334 3278 res
353 3214 490 3300 publica
518 3217 673 3303 plagam,
692 3217 753 3282 sed
778 3239 854 3282 eam
879 3238 983 3303 quam
1010 3237 1132 3302 accep-

77 3321 144 3377 tam
160 3335 300 3401 gemere
319 3327 453 3400 posset:
480 3316 508 3380 si
525 3317 771 3383 intercessisset
788 3319 934 3406 conlega
956 3317 1129 3392 Fabricio,
1155 3323 1190 3376 30

76 3411 228 3481 laesisset
244 3418 520 3501 rempublicam,
536 3418 597 3482 sed
614 3416 910 3507 [rempublicam]
924 3419 1000 3508 jure
1013 3419 1131 3485 laesis·

79 3524 137 3576 set.
177 3514 405 3583 ¹Gladiatores
423 3530 459 3582 tu
477 3517 641 3588 novicios,
661 3539 723 3602 pro
740 3531 936 3604 exspectata
960 3521 1131 3586 aedilitate

79 3617 286 3701 suppositos,¹
301 3641 379 3684 cum
401 3618 570 3683 sicariise
595 3638 733 3683 carcere
757 3619 890 3684 emissis
915 3633 993 3686 ante
1017 3623 1130 3686 lucem

80 3711 258 3784 immittas?
291 3719 509 3805 magistratus
532 3718 659 3802 templo
680 3717 830 3782 deicias?
858 3722 1000 3785 caedem
1022 3722 1131 3786 maxi·

81 3834 167 3882 mam
187 3818 328 3885 facias?
342 3818 453 3882 sorum
467 3814 630 3901 spurces?
655 3829 699 3890 et,
715 3838 792 3882 cum
806 3818 921 3882 omnia
934 3821 966 3884 vi
981 3833 1013 3884 et
1026 3821 1129 3884 armis
1152 3815 1185 3869 35

82 3921 201 4004 egeris,
223 3939 364 3984 accuses
389 3939 467 3980 eum
492 3915 550 4000 qui
575 3937 611 3979 se
631 3916 802 4000 praesidio
820 3918 989 3992 munierit,
1010 3941 1077 3983 non
1094 3931 1130 3984 ut

82 4026 113 4088 le
126 4032 355 4110 oppugnaret,
372 4018 435 4084 sed
452 4028 486 4079 ut
502 4014 605 4078 vitam
624 4035 721 4077 suam
739 4027 852 4099 posset
869 4016 1075 4081 defendere?
