2668 4262
53 216 90 258 rx.
107 201 162 274 zo]
254 203 322 272 The
351 203 494 274 Consule
524 205 694 272 Gabinius
717 207 792 272 und
812 206 907 272 Piso.
1036 225 1101 293 149

93 419 121 466 a.
145 405 246 471 Alter
262 407 446 494 unguentis
471 407 640 482 adfluens,
659 409 890 474 calamistrata
916 428 1027 483 coma,
1042 408 1102 473 de·

50 506 199 590 spiciens
218 508 373 572 conscios
397 520 590 592 stuprorum
608 530 650 574 ac
665 523 796 577 veteres
813 523 993 575 vexatores
1010 521 1102 574 aeta·

50 607 141 670 tulae
153 628 252 681 suae,
269 608 394 692 puteali
409 621 441 672 et
454 609 704 674 faeneratorum
723 611 888 698 gregibus
906 610 1103 684 inflatus,-

51 727 69 769 a
96 707 223 792 quibus
252 709 449 792 compulsus
477 709 572 784 olim,
603 731 645 774 ne
673 710 707 774 in
737 709 900 796 Scyllaeo
927 711 986 776 illo
1014 708 1102 776 aeris

50 806 152 870 alieni
166 820 343 894 tamquam
360 807 430 895 [in]
449 808 535 874 fretu
549 810 592 874 ad
610 811 807 876 columnam
825 811 1100 885 adhaeresceret‚
1121 844 1135 897 5

50 906 82 969 in
95 907 290 983 tribunatus
307 921 440 993 portum
456 909 711 996 perfugerat,-
722 912 962 976 contemnebat
974 911 1104 997 equites

51 1006 245 1084 Romanos,
273 1008 492 1086 minitabatur
520 1009 665 1084 senatui,
689 1010 887 1076 venditabat
914 1034 950 1076 se
975 1011 1102 1096 operis,

52 1117 149 1194 atque
169 1110 214 1174 ab
231 1109 281 1173 eis
298 1130 334 1174 se
351 1121 518 1193 ereptum,
537 1131 581 1173 ne
598 1110 640 1177 de
653 1110 786 1179 ¹ambitu
804 1131 943 1180 eausam
962 1112 1103 1186 diceret,

51 1209 287 1292 praedicabat,
308 1210 350 1274 ab
370 1209 548 1296 isdemque
573 1231 608 1275 se
626 1209 729 1275 etiam
754 1209 860 1276 invito
883 1225 1004 1276 senatu
1028 1233 1106 1297 pro-

49 1307 200 1374 vinciam
229 1329 368 1394 sperare
393 1310 549 1375 dicebat:
575 1331 720 1396 eamque
746 1309 810 1382 nisi
833 1313 977 1396 adeptus
1001 1323 1103 1387 esset,
1124 1354 1155 1394 ,ο

51 1428 86 1472 se
102 1408 315 1476 incolumem
333 1411 427 1474 nullo
444 1410 547 1476 modo
563 1409 635 1476 sore
652 1411 890 1476 arbitrabatur.

95 1525 122 1570 4.
137 1509 260 1585 -Alter,
280 1509 317 1576 O·
335 1509 368 1574 di
392 1509 494 1575 bonil
518 1532 621 1596 quam
646 1521 752 1576 taeter
776 1510 976 1578 incedebatl
1001 1533 1104 1599 quarn

52 1609 285 1702 truculentusl
307 1629 412 1696 quam
429 1610 585 1676 terribilis
603 1622 742 1695 aspectu
757 1609 820 1674 l-
833 1635 939 1676 unum
957 1612 1104 1699 aliquem

52 1718 83 1772 te
104 1731 152 1774 ex
172 1711 329 1776 barbatis
353 1711 434 1785 illis,
453 1711 650 1794 exemplum
675 1711 797 1796 imperi
820 1715 957 1782 veteris,
983 1712 1106 1799 imagi-

54 1829 130 1876 nem
148 1811 373 1897 antiquitatis,
392 1811 550 1877 columen
567 1811 615 1874 rei
638 1812 796 1895 publicae
813 1813 945 1877 diceres
962 1812 1104 1877 intueri:
1126 1847 1155 1899 ¹5

54 1910 346 1996 vestitus-aspere:
365 1922 480 1976 nostra
505 1911 571 1977 hac
595 1930 747 1995 purpura
772 1911 906 1996 plebeia
931 1933 970 1976 ac
996 1933 1105 1998 paene

55 2006 148 2074 fusca
160 2034 169 2086 3
196 2011 324 2096 capillo
348 2011 394 2074 ita
419 2011 569 2085 horrido,
589 2022 624 2075 ut
640 2009 776 2095 Capua,
795 2012 829 2075 in
853 2033 920 2097 qua
943 2013 1020 2096 ipsa
1033 2023 1105 2078 tum

56 2105 218 2197 imaginis
242 2111 418 2178 ornandae
450 2132 554 2177 causa
583 2110 835 2184 duumviratum
863 2113 1016 2198 gerebat,
1044 2111 1107 2178 Se-

56 2209 200 2290 plasiam
219 2213 415 2278 sublaturus
427 2211 610 2276 videretur.
641 2210 734 2274 Nam
751 2211 833 2296 quid
851 2233 917 2298 ego
934 2213 976 2278 de
990 2234 1106 2297 super-

57 2307 131 2376 cilio
148 2313 278 2387 dicam,
297 2312 474 2398 quodtttm
495 2311 689 2376 hominibus
707 2333 774 2376 non
792 2312 1025 2396 supercilium,
1045 2313 1106 2376 sed
1124 2338 1158 2376 20

58 2408 180 2498 pignus
199 2413 248 2478 rei
264 2412 422 2498 publicae
435 2409 635 2476 videbatur?
667 2411 799 2497 [Tanta
816 2424 888 2476 erat
904 2413 1054 2498 gravitas
1072 2411 1106 2477 in

58 2514 166 2588 oculo,
186 2525 281 2578 tanta
304 2511 491 2578 contractio
516 2511 647 2584 frontis,
666 2512 776 2576 utillo
796 2512 979 2596 supercilio
996 2533 1106 2576 annus

58 2608 112 2676 ille
127 2615 190 2679 niti
207 2625 383 2699 tamquam
398 2612 488 2684 vade
500 2611 706 2698 videretur].
743 2625 770 2672 5.
787 2611 870 2676 Erat
884 2613 938 2676 hic
954 2612 1106 2676 omnium

39 2730 189 2779 sermo:
217 2712 303 2776 ‘Est
324 2724 438 2776 tamen
457 2711 505 2774 rei
530 2711 687 2797 publicae
711 2733 878 2798 magnum
903 2713 1106 2798 firmumque

59 2812 246 2882 subsidium
259 2835 267 2887 ς
286 2813 397 2880 habeo
410 2827 513 2897 quem
526 2833 699 2895 opponam
717 2811 785 2875 labi
800 2812 848 2874 illi
862 2826 963 2897 atque
977 2833 1104 2884 caen03
1124 2829 1156 2883 25

59 2912 163 2988 voltu,
179 2935 233 2986 me
250 2913 327 2978 dius
343 2912 457 2986 fidius,
473 2912 641 2998 conlegae
658 2911 710 2975 sui
727 2911 903 2976 libidinem
917 2913 1106 2982 ¹levitatem-

60 2996 124 3096 que
148 3015 303 3101 franget-3
337 3011 476 3076 habebit
500 3022 638 3076 senatus
661 3011 697 3075 in
726 3012 818 3076 hunc
847 3033 975 3076 annum
1003 3033 1105 3097 quem

62 3127 239 3199 sequatur3
266 3135 334 3179 non
351 3111 458 3177 deerit
474 3123 592 3176 auctor
609 3123 641 3176 et
657 3111 727 3176 dux
745 3111 867 3176 bonis.'
906 3111 994 3176 Mihi
1012 3112 1107 3178 deni-

62 3231 125 3295 que
142 3215 298 3280 homines
322 3211 507 3298 praecipue
532 3212 804 3299 gratulabantur,
823 3213 914 3297 quod
931 3212 1107 3280 habiturus

65 3331 183 3390 essem,
207 3325 324 3386 contra
348 3312 520 3390 tribunum
547 3311 655 3396 plebis
679 3311 843 3377 furiosum
868 3323 901 3376 et
924 3314 1104 3388 audacem,
1123 3321 1159 3374 30

66 3430 138 3478 cum
155 3415 304 3480 amicum
321 3423 353 3478 et
370 3412 532 3487 adfinem,
549 3424 621 3478 tum
646 3411 749 3476 etiam
774 3411 893 3476 fortem
916 3425 949 3478 et
964 3433 1107 3500 gravem

67 3515 248 3580 consulem.
344 3571 346 3578 ,

105 3627 141 3674 a«
156 3614 268 3700 Atque
285 3634 403 3678 eorum
421 3613 505 3676 alter
521 3610 639 3676 fefellit
655 3611 840 3676 nerninem.
902 3610 991 3696 Qis
1015 3612 1106 3677 enim

69 3711 195 3780 clavum
210 3714 293 3784 tanti
309 3713 430 3797 imperi
443 3725 571 3787 tenere,
587 3723 619 3776 et
635 3712 870 3798 gubernacula
884 3713 932 3776 rei
949 3713 1107 3797 publicae

69 3819 203 3880 tractare
229 3815 263 3878 in
289 3814 441 3878 maximo
464 3834 567 3877 cursu
593 3833 634 3877 ac
652 3811 823 3886 fluctibus,
843 3833 943 3896 posse
968 3814 1108 3878 arbitra·
1125 3812 1158 3866 ³5

71 3925 152 3982 retur
175 3915 348 3983 hominem
373 3934 544 3982 emersum
573 3912 684 3976 subito
708 3934 752 3976 ex
776 3913 944 3978 diuturnis
960 3913 1108 3980 tenebris
