2716 4266
222 211 286 282 ²¹4
478 192 515 259 T
508 193 550 258 he
572 193 718 259 Pardon
743 194 791 281 (ff
806 152 1011 259 Marcellus.
1152 189 1277 259 [Mane.

218 408 498 461 vetustam-12.
530 405 564 459 at
580 396 667 459 haec
692 393 767 482 [tua
788 394 917 483 justitia
943 404 975 458 et
997 392 1120 458 lenitas
1146 391 1272 478 animi]

219 498 375 562 florescet
402 498 523 561 cotidie
550 495 675 582 magis,
693 497 738 558 ita
766 509 802 559 ut
828 507 991 580 quantum
1020 495 1086 558 tuis
1110 494 1275 578 operibus

220 599 421 664 diuturnitas
456 597 624 670 detrahet,
659 608 789 659 tantum
827 595 959 659 adferat
992 594 1165 658 laudibus.
1235 593 1276 656 Et

219 712 349 764 ceteros
372 691 511 786 quidem
530 697 641 762 omnis
666 697 810 760 victores
834 696 1000 760 bellorum
1026 695 1179 758 civilium
1204 694 1275 781 jam

167 811 183 870 5
221 813 297 862 ante
318 801 487 885 aequitate
505 814 537 862 et
564 797 797 860 misericordia
821 795 974 860 viceras:
1000 795 1169 859 hodierno
1196 818 1275 860 vero

220 901 274 964 die
291 911 322 964 te
339 901 452 984 ipsum
469 900 591 964 vicisti.
634 896 767 961 Vereor
784 909 820 960 ut
842 898 920 970 hoc,
935 897 1026 982 quod
1049 897 1180 972 dicam,
1200 919 1276 982 per-

219 1000 298 1064 inde
316 1000 467 1087 intellegi
486 1000 591 1085 possit
614 998 767 1062 auditum
792 1010 893 1082 atque
917 998 990 1082 ipse
1013 998 1174 1084 cogitans
1200 1019 1277 1064 sen-

219 1100 285 1164 tio:
318 1099 426 1184 ipsam
444 1101 620 1165 victoriam
640 1099 762 1163 vicisse
778 1098 916 1172 videris,
935 1119 1013 1162 cum
1034 1119 1075 1162 ea
1098 1119 1193 1184 quae
1219 1099 1276 1162 illa

219 1211 291 1263 erat
308 1201 430 1284 adepta
447 1201 544 1264 victis
561 1199 732 1264 remisisti.
780 1197 874 1262 Nam
892 1219 969 1263 curn
987 1198 1093 1283 ipsius
1108 1199 1276 1263 victoriae

169 1323 201 1364 ro
219 1300 419 1365 condicione
444 1321 564 1364 omnes
581 1299 660 1364 victi
685 1298 945 1371 occidissemus,
963 1299 1170 1363 clementiae
1197 1311 1276 1364 tuae

216 1401 344 1485 judicio
360 1401 550 1465 conservati
570 1421 700 1464 sumus.
751 1398 861 1462 Recte
886 1398 989 1485 igitur
1013 1420 1101 1463 unus
1127 1399 1276 1464 invictus

218 1521 268 1568 es.
283 1519 303 1563 a
319 1521 387 1585 quo
404 1501 506 1564 etiarn
524 1501 631 1586 ipsius
648 1500 810 1564 victoriae
827 1498 984 1564 condicio
1000 1499 1120 1584 visque
1138 1500 1276 1564 devicta

219 1611 280 1663 est.

263 1720 300 1763 v.
325 1714 367 1761 1³.
390 1699 504 1787 Atque
522 1702 588 1765 hoc
604 1699 647 1765 C.
667 1699 829 1764 Caesaris
849 1699 1031 1788 judicium,
1053 1711 1171 1784 patres
1196 1721 1275 1766 con-

170 1821 200 1879 ις
219 1801 345 1886 scripti,
365 1823 467 1887 quam
486 1802 552 1864 late
573 1812 687 1885 pateat
707 1801 880 1864 attendite.
931 1799 1062 1864 Omnes
1087 1800 1199 1874 enim,
1219 1801 1274 1886 qui

219 1901 261 1964 ad
281 1901 338 1964 illa
356 1921 451 1964 arma
469 1900 537 1965 lato
553 1921 672 1964 sumus
689 1901 885 1986 nescioquo
903 1899 952 1964 rei
969 1900 1128 1985 publicae
1148 1902 1274 1966 misero

220 2001 418 2086 funestoque
436 1999 617 2086 compulsi,
636 2000 698 2064 etsi
717 2001 831 2085 aliqua
848 2001 951 2084 culpa
972 2013 1129 2064 tenemur
1149 2003 1274 2066 erroris

219 2102 373 2172 humani,
393 2102 522 2165 scelere
538 2115 628 2166 certe
654 2101 786 2164 liberati
810 2121 942 2164 sumus.
991 2099 1085 2164 Nam
1110 2121 1194 2166 cum
1221 2101 1272 2166 M.

219 2202 424 2265 Marcellum
442 2201 705 2285 deprecantibus
722 2200 819 2266 vobis
836 2201 884 2264 rei
912 2199 1068 2285 publicae
1088 2222 1275 2266 conserva-

166 2318 201 2359 κο
219 2303 277 2372 vit,
297 2323 350 2364 me
368 2314 400 2364 et
418 2301 498 2363 milri
517 2313 549 2364 et
566 2302 644 2364 item
663 2301 711 2365 rei
738 2301 909 2386 publicae,
930 2302 1023 2366 nullo
1048 2302 1272 2386 deprecante,
1337 2325 1338 2328 ’

218 2402 365 2486 reliquos
383 2401 611 2485 amplissimos
628 2401 718 2466 viros
736 2413 769 2466 et
784 2401 849 2465 sibi
867 2401 958 2486 ipsos
982 2413 1015 2466 et
1038 2403 1170 2487 patriae
1197 2405 1274 2468 red·

218 2501 321 2566 didit:
350 2523 493 2586 quorum
512 2512 544 2565 et
569 2501 794 2587 frequentiam
820 2513 854 2566 et
876 2503 1078 2590 dignitatem
1105 2504 1172 2568 hoc
1198 2497 1271 2589 ipso
1336 2549 1337 2569 t

217 2601 251 2664 in
270 2622 430 2664 consessu
449 2601 580 2665 videtis.
627 2601 708 2666 Non
725 2602 783 2666 ille
801 2602 907 2667 hostis
923 2603 1056 2668 induxit
1071 2603 1106 2667 in
1123 2605 1268 2678 curiam,

218 2701 277 2764 sed
299 2701 463 2787 judicavit
492 2721 511 2763 a
542 2702 714 2787 plerisque
744 2701 958 2788 ignoratione
987 2703 1098 2790 potius
1123 2715 1157 2768 et
1183 2705 1270 2770 salso
1335 2769 1336 2799 q

165 2813 198 2869 25
218 2813 319 2886 atque
336 2800 428 2864 inani
447 2812 537 2864 metu
555 2823 659 2887 quam
684 2804 869 2887 cupiditate
894 2816 952 2869 aut
975 2805 1174 2871 crudelitate
1200 2808 1271 2872 bel·

218 2902 287 2964 lum
306 2923 380 2964 esse
397 2915 606 2986 susceptum.
656 2919 698 2966 1⁴.
722 2902 803 2988 Quo
820 2903 957 2992 quidem
974 2905 1009 2969 in
1027 2906 1116 2970 bello
1132 2927 1271 2992 semper

217 3001 259 3065 de
277 3021 362 3086 pace
379 3001 589 3065 audiendum
608 3004 737 3087 putavi,
753 3025 956 3091 semperque
974 3006 1066 3071 dolui
1084 3029 1152 3071 non
1168 3008 1270 3072 modo
1334 3001 1335 3026 ¹

218 3122 352 3186 pacem,
381 3102 443 3165 sed
470 3102 572 3167 etiam
599 3104 788 3169 orationem
813 3105 938 3170 civium
964 3127 1086 3191 pacem
1110 3105 1270 3194 flagitan-

216 3202 299 3265 tium
316 3201 501 3286 repudiari.
536 3201 661 3289 Neque
678 3205 769 3268 enim
787 3225 853 3292 ego
866 3207 924 3270 illa
938 3227 1002 3272 nec
1017 3208 1089 3271 ulla
1104 3228 1269 3294 umquam
1333 3209 1334 3257 l

165 3317 201 3372 30
217 3314 353 3366 secutus
381 3323 457 3366 sum
487 3323 582 3367 arma
612 3305 746 3376 civilia;
784 3327 987 3393 semperque
1016 3327 1093 3372 mea
1125 3308 1268 3372 consilia

218 3404 312 3486 pacis
329 3414 362 3468 et
377 3413 479 3490 togae
497 3404 603 3479 socia,
622 3427 690 3470 non
708 3406 788 3470 belli
806 3418 906 3492 atque
924 3427 1094 3472 armomm
1117 3407 1264 3473 suerunt.
1332 3407 1333 3485 i

219 3501 403 3567 Hominem
423 3526 498 3567 sum
523 3517 661 3570 secutus
685 3507 817 3590 privato
842 3506 996 3581 consili0‚
1015 3529 1083 3572 non
1108 3507 1265 3593 public0;

216 3614 415 3688 tantumque
433 3604 523 3687 apud
543 3627 595 3668 me
613 3606 701 3691 grati
718 3605 823 3669 animi
841 3606 951 3670 fidelis
967 3606 1133 3671 memoria
1145 3609 1263 3680 valuit,
1331 3603 1332 3682 i

216 3711 253 3764 ut
284 3702 378 3764 nulla
410 3723 477 3764 non
511 3704 612 3766 modo
644 3704 841 3787 cupiditate,
868 3705 928 3770 sed
957 3727 999 3769 ne
1024 3727 1085 3790 spe
1112 3707 1263 3792 quidem,
1331 3695 1332 3706 ἶ

164 3812 197 3868 35
217 3800 367 3881 prudens
389 3810 422 3861 et
446 3799 556 3862 sciens
580 3812 754 3885 tamquam
782 3801 824 3865 ad
851 3801 1021 3867 interitum
1044 3826 1180 3870 ruerem
1208 3829 1266 3870 vo·

217 3897 411 3958 luntarium.
458 3914 499 3959 15.
523 3895 626 3980 Quod
643 3897 781 3982 quidem
798 3921 910 3963 meum
929 3903 1109 3966 consilium
1128 3904 1264 3969 minime
