2716 4266
87 211 156 252 ΠΗ·
168 197 225 268 53]
340 200 423 288 Why
452 200 593 268 Clodius
617 223 690 266 was
712 201 882 288 defeated.
1070 222 1130 292 191

83 401 132 466 sic
146 412 220 467 erat
235 423 397 489 umquam
414 424 483 468 non
500 412 638 488 paratus
654 401 742 468 Milo
756 415 872 469 contra
889 402 997 480 illurn,
1012 413 1049 469 ut
1064 425 1133 470 non

83 503 162 566 satis
191 502 260 568 sere
288 515 378 568 esset
405 517 554 588 paratus.
604 502 750 589 Semper
782 503 875 591 [ille]
908 515 941 568 et
968 515 1133 590 quantum

82 601 256 667 interesset
272 601 313 666 P.
332 602 433 668 Clodi
451 626 486 670 se
504 605 627 688 perire,
647 618 679 669 et
702 618 829 692 quanto
853 604 902 668 illi
926 603 1004 670 odio
1029 616 1130 678 esset,

82 713 113 764 et
144 716 308 789 quantum
340 706 397 770 ille
429 707 570 771 auderet
598 707 781 793 cogitabat.
844 704 960 790 Quam
988 704 1032 770 ob
1060 725 1132 769 rem

81 804 182 869 vitam
213 829 324 882 suam,
354 829 457 894 quam
486 807 646 874 maximis
674 808 836 894 praemiis
864 808 1072 893 propositam
1101 817 1165 899 et5

80 927 189 989 paene
215 909 386 974 addictam
411 908 552 982 sciebat,
574 931 760 996 numquam
786 909 820 973 in
845 908 1034 994 periculum
1059 907 1133 972 sine

81 1009 252 1090 praesidio
280 1022 312 1074 et
339 1010 413 1075 sine
441 1009 593 1076 custodia
622 1010 820 1095 proiciebat.
882 1008 985 1074 Adde
1017 1030 1131 1082 casus,

81 1110 167 1173 adde
195 1109 343 1176 incertos
372 1110 482 1175 exitus
511 1131 706 1197 pugnarum
734 1109 952 1198 Martemque
980 1130 1134 1176 commu-

80 1229 172 1285 nem,
191 1211 250 1297 qui
268 1232 371 1296 saepe
388 1210 589 1296 spoliantem
609 1209 681 1297 jam
707 1223 741 1276 et
763 1211 990 1276 exsultantem
1015 1209 1133 1274 evertit

80 1320 113 1371 et
127 1311 273 1394 perculit
289 1311 333 1374 ab
346 1309 499 1398 abjecto:
521 1310 609 1376 adde
622 1309 791 1374 inscitiam
805 1311 934 1398 pransi,
949 1309 1032 1396 poti,
1046 1309 1133 1374 osci·
1153 1353 1186 1393 10

80 1409 181 1475 tantis
198 1410 309 1485 ducis,
327 1410 476 1497 quicum
494 1431 514 1474 a
533 1422 630 1498 tergo
655 1411 785 1476 hostem
811 1410 1031 1475 interclusum
1056 1409 1134 1474 reli-

81 1509 222 1592 quisset,
243 1509 327 1575 nihil
351 1510 394 1574 de
419 1510 492 1597 ejus
516 1511 676 1575 extremis
701 1510 879 1576 comitibus
903 1509 1077 1598 cogitavit,
1098 1510 1133 1574 in

81 1629 165 1692 quos
194 1611 353 1674 incensos
382 1611 432 1674 ira
459 1610 632 1696 vitamque
661 1610 790 1674 domini
818 1611 1030 1695 desperantis
1054 1631 1133 1675 cum

81 1707 268 1784 incidisset,
288 1710 398 1776 haesit
420 1711 455 1774 in
472 1710 521 1774 eis
538 1711 670 1794 poenis,
689 1732 775 1797 quas
792 1710 835 1775 ab
852 1731 893 1775 eo
909 1711 999 1774 servi
1015 1711 1133 1775 fideles

81 1828 141 1890 pro
157 1810 289 1874 domini
305 1809 373 1874 vita
391 1809 637 1894 expetiverunt.
1154 1845 1185 1902 ¹5

123 1927 168 1974 st.
193 1908 267 1976 Cur
282 1909 386 1998 igitur
402 1931 461 1974 eos
478 1931 582 1974 manu
599 1909 711 1975 misit?
757 1908 935 1974 Metuebat
950 1910 1134 1974 scilicetne

81 2007 302 2084 indicaretur,
329 2032 372 2074 ne
396 2011 548 2074 dolorem
573 2010 723 2096 perferre
747 2032 815 2074 non
835 2023 985 2094 possent,
1004 2031 1047 2074 ne
1069 2021 1136 2074 tor-

82 2112 207 2176 mentis
233 2122 438 2197 cogerentur
464 2109 616 2174 occisum
643 2131 718 2174 esse
747 2130 767 2173 a
795 2110 902 2174 servis
930 2108 1071 2174 Milonis
1100 2109 1134 2174 in

82 2207 198 2295 Appia
211 2210 268 2274 via
284 2209 324 2274 Ρ.
340 2209 501 2275 Clodium
515 2209 680 2274 confiteri.
721 2207 816 2293 Quid
829 2231 914 2293 opus
927 2220 978 2273 est
990 2209 1135 2274 tortore?

83 2309 162 2394 quid
180 2308 340 2396 quaeris?
380 2306 621 2374 Occideritne?
648 2307 783 2374 occidit.
829 2308 1187 2397 Jureaninjuriai20

83 2409 166 2474 nihil
185 2410 230 2474 ad
246 2421 426 2474 tortorem:
450 2407 528 2473 sacti
546 2408 637 2473 enirn
654 2409 689 2474 in
703 2408 822 2472 eculeo
838 2409 991 2494 quaestio
1008 2420 1070 2483 est,
1081 2410 1135 2496 ju·

83 2508 127 2573 ris
143 2510 180 2576 in
194 2509 335 2597 judicio.
384 2528 476 2572 xx11.
501 2507 605 2593 Qiod
617 2509 721 2596 igitur
734 2509 768 2571 in
782 2529 887 2572 causa
899 2509 1134 2594 quaerendum

84 2621 144 2685 est,
175 2611 384 2696 indagamus
410 2608 487 2672 hic:
521 2609 611 2694 quod
636 2607 811 2674 tormentis
836 2608 989 2672 invenire
1015 2609 1079 2681 vis,
1100 2609 1135 2674 id

84 2708 241 2774 latemur.
291 2707 401 2772 Manu
417 2729 499 2772 vero
516 2729 576 2773 cur
593 2709 733 2782 miserit,
752 2707 779 2772 si
796 2707 830 2772 id
849 2708 959 2793 potius
983 2708 1133 2795 quaeris,

84 2829 186 2894 quarn
220 2830 280 2874 cur
311 2829 432 2893 pamm
464 2809 587 2892 amplis
619 2808 782 2873 adfecerit
815 2808 989 2892 praemiis,
1022 2808 1135 2873 nescis
1153 2838 1186 2894 25

84 2907 211 2976 inimici
245 2909 373 2974 sactum
410 2909 673 2994 reprehendere.
737 2925 782 2972 58.
811 2908 906 2973 Dixit
946 2908 1036 2972 enim
1078 2909 1135 2974 hic

84 3006 188 3086 idern,
218 3009 276 3096 qui
307 3008 422 3073 omnia
454 3029 590 3093 semper
621 3020 814 3073 constanter
845 3021 879 3072 et
908 3007 1048 3083 sortiter,
1079 3007 1131 3072 M.

85 3107 183 3185 Cato,
202 3122 235 3174 et
251 3108 335 3175 dixit
351 3108 386 3172 in
402 3108 594 3172 turbulenta
611 3108 780 3182 contione,
796 3129 885 3194 quae
902 3120 1015 3172 tamen
1034 3108 1135 3197 hujus

85 3210 280 3276 auctoritate
297 3210 433 3296 placata
450 3220 512 3282 est,
531 3231 599 3272 non
624 3209 777 3273 libertate
801 3210 925 3282 solum,
946 3208 1007 3273 sed
1032 3209 1157 3273 etiam'

85 3312 241 3376 omnibus
261 3309 422 3395 praemiis
439 3308 659 3396 dignissimos
676 3309 793 3384 fuisse,
812 3309 869 3394 qui
886 3308 1015 3373 domini
1032 3323 1135 3395 caput
1154 3332 1189 3388 30

85 3411 324 3478 defendissent.
369 3409 472 3494 Qod
489 3410 579 3473 enirn
596 3410 785 3494 praemium
804 3409 884 3474 satis
903 3431 1067 3496 magnum
1084 3423 1135 3476 est

85 3521 151 3576 tarn
168 3511 356 3584 benevolis,
374 3522 443 3576 tam
459 3511 571 3586 bonis,
590 3521 659 3574 tam
676 3509 833 3574 fidelibus
858 3510 978 3584 servis,
998 3524 1134 3598 propter

85 3632 167 3697 quos
182 3611 285 3678 vivit?
331 3612 403 3678 Etsi
420 3611 455 3675 id
471 3612 608 3699 quidem
634 3633 701 3675 non
726 3610 808 3674 tanti
834 3622 896 3685 est,
915 3601 1018 3698 quium
1042 3613 1133 3698 qnod

86 3726 218 3799 propter
234 3714 373 3778 eosdem
390 3735 456 3777 non
474 3711 643 3799 sanguine
660 3723 693 3776 et
708 3711 903 3776 volneribus
923 3711 993 3776 suis
1014 3711 1134 3777 crude·

86 3811 201 3878 lissimi
225 3813 353 3878 inimici
378 3824 524 3878 mentem
548 3813 734 3897 oculosque
754 3811 898 3876 satiavit.
950 3809 1048 3897 Quos
1068 3810 1131 3875 nisi
1154 3823 1187 3880 35

88 3933 187 3980 manu
204 3913 362 3992 misisset,
376 3911 551 3978 tormentis
568 3911 670 3978 etiam
687 3911 834 3978 dedendi
848 3910 983 3978 luerunt
995 3932 1133 3978 conser-
