2668 4262
227 229 293 317 156
475 229 624 298 Cr'cero’s
646 231 753 297 Exile
776 233 850 296 and
871 232 1024 296 Return.
1123 227 1267 298 [SESTfflsr

224 431 432 508 viderentur,
444 453 577 498 -cum
594 431 809 518 proscripti0,
828 433 966 508 caedeS,
984 430 1129 517 direptio
1147 435 1269 500 denun-

224 533 384 608 tiaretur3
427 555 506 598 cum
544 533 602 597 alii
639 555 694 597 me
729 532 915 617 suspitione
948 533 1090 618 periculi
1124 537 1179 601 sui
1211 559 1269 601 non

224 633 459 707 defenderent,
482 633 539 696 alii
556 645 669 696 vetere
686 633 765 698 odio
780 633 947 697 bonorum
967 635 1204 711 incitarentur,
1222 637 1270 700 alii

225 734 428 807 inviderent,
456 734 514 796 alii
538 733 672 797 obstare
697 733 761 796 sibi
787 753 841 796 me
867 734 1121 816 arbitrarentur,
1147 739 1206 802 alii
1230 739 1273 800 ul-

176 861 191 916 5
226 835 306 900 cisci
335 834 487 899 dolorem
516 834 666 919 aliquem
694 853 794 898 suum
823 835 962 913 vellent,
987 840 1044 904 alii
1068 863 1141 905 rem
1170 841 1272 924 ipsam

225 937 397 1022 publicam
423 948 523 1022 atque
549 936 640 998 hunc
661 936 828 999 bonorum
849 950 974 1004 statum
994 938 1274 1028 otiumqueodis-

225 1050 312 1113 sent,
330 1050 363 1104 et
378 1039 422 1103 ob
443 1039 546 1102 hasce
571 1058 695 1103 causas
719 1049 767 1102 tot
790 1051 930 1126 tamque
955 1041 1067 1106 varias
1092 1063 1149 1106 me
1176 1059 1274 1104 unum

225 1139 767 1226 deposcerent‚-depugnarem
800 1141 912 1225 potius
944 1162 1023 1207 curn
1050 1163 1190 1206 summo
1214 1157 1274 1202 non

225 1241 338 1306 dicam
367 1242 483 1317 exitio,
505 1242 567 1306 sed
595 1241 748 1326 periculo
774 1253 865 1306 certe
889 1253 1002 1307 vestro
1026 1241 1275 1325 liberorumque

176 1373 209 1414 10
225 1355 414 1407 vestrorum
437 1364 541 1429 quarn
563 1339 668 1429 [non]
689 1341 737 1416 id,
755 1341 849 1428 quod
867 1341 1026 1406 omnibus
1043 1340 1273 1425 impendebat,

225 1465 313 1507 unus
337 1465 399 1529 pro
422 1443 581 1509 omnibus
605 1441 816 1528 susciperem
841 1461 883 1506 ac
906 1440 1078 1506 subirem?

269 1561 317 1608 aa.
343 1543 456 1609 ‘Victi
480 1554 595 1608 essent
618 1541 790 1630 improbi?
830 1539 884 1606 -At
906 1540 1012 1616 cives,
1031 1553 1065 1606 at
1086 1541 1132 1606 ab
1152 1561 1197 1606 eo
1216 1537 1275 1624 pri-

226 1657 316 1720 vato,
332 1643 389 1732 qui
403 1645 476 1709 sine
490 1643 594 1708 armis
607 1643 710 1706 etiarn
724 1641 848 1706 consul
862 1663 934 1705 rem
951 1641 1126 1728 publicam
1144 1659 1276 1706 conser-

227 1757 333 1811 varat.
384 1744 447 1810 Sin
463 1744 543 1808 victi
560 1755 675 1810 essent
695 1743 791 1816 boni,
810 1741 868 1827 qui
892 1740 1135 1827 superessent?
1168 1759 1274 1804 nonne

177 1865 208 1920 ις
228 1848 270 1910 ad
288 1869 405 1910 servos
420 1844 542 1910 videtis
560 1865 632 1908 rem
650 1841 824 1928 publicam
844 1853 1024 1906 venturam
1049 1840 1179 1907 luisse?
1227 1838 1275 1903 An

228 1945 413 2031 mihiipsi,
439 1957 476 2009 ut
499 1945 639 2030 quidam
664 1953 796 2029 putant,
824 1941 888 2008 fuit
912 1963 1002 2007 mors
1027 1963 1140 2028 aequo
1168 1941 1275 2006 animo

226 2044 442 2132 oppetenda?
475 2043 593 2132 Qud?
625 2056 694 2108 tum
714 2056 903 2107 mortemne
920 2039 1120 2130 fugiebam?
1149 2063 1196 2106 an
1214 2051 1277 2104 erat

227 2168 281 2211 res
298 2148 369 2210 ulla
385 2167 487 2234 quam
503 2145 585 2209 mihi
603 2143 715 2231 magis
728 2144 916 2228 optandam
933 2141 1111 2228 putarem?
1140 2154 1202 2207 aut
1218 2161 1275 2228 ego

227 2248 303 2312 illas
328 2269 382 2311 res
406 2257 517 2311 tantas
541 2245 576 2310 in
600 2256 693 2308 tanta
717 2243 951 2329 improborum
970 2243 1188 2308 multitudine
1205 2261 1275 2307 cum

175 2359 210 2401 20
228 2349 405 2434 gerebam,
424 2368 492 2410 non
511 2344 594 2408 mihi
617 2367 722 2418 mors,
740 2365 809 2408 non
830 2344 973 2408 exitium
997 2344 1042 2408 ob
1066 2344 1188 2408 oculos
1210 2361 1276 2405 ver-

228 2445 388 2512 sabatur?
419 2467 487 2510 non
513 2447 598 2508 haec
623 2445 771 2530 denique
796 2463 815 2507 a
841 2465 895 2507 me
918 2454 990 2507 turn
1013 2453 1192 2530 tamquam
1216 2442 1276 2506 sata

228 2546 262 2609 in
284 2547 357 2631 ipsa
377 2568 413 2610 re
433 2546 585 2633 gerenda
608 2541 842 2608 canebantur?
886 2559 934 2607 aa.
958 2541 1016 2607 An
1040 2555 1114 2608 erat
1138 2543 1224 2608 mihi
1246 2540 1275 2603 in

228 2658 321 2710 tanto
345 2648 437 2710 luctu
462 2667 629 2718 meorum,
660 2653 752 2706 tanta
777 2643 1001 2730 dijunctione,
1028 2651 1123 2708 tanta
1150 2640 1276 2708 acerbi·

228 2759 307 2821 tate,
332 2758 425 2810 tanta
449 2744 651 2830 spoliatione
675 2743 828 2808 omniurn
854 2764 981 2816 rerum,
1003 2763 1091 2829 quas
1115 2744 1201 2809 mihi
1226 2755 1275 2807 aut

175 2853 209 2908 25
229 2861 350 2913 natura
383 2857 440 2910 aut
471 2845 605 2908 fortuna
639 2843 794 2917 dederat,
823 2843 892 2906 vita
926 2843 1128 2908 retinenda?
1190 2845 1275 2908 Tam

229 2969 322 3013 eram
340 2947 446 3019 rudis,
465 2958 534 3008 tam
552 2944 695 3030 ignarus
711 2964 839 3016 rerum,
857 2954 926 3006 tam
944 2963 1069 3026 expers
1086 2943 1207 3008 consili
1225 2953 1276 3007 aut

229 3045 368 3136 ingeni?
405 3046 488 3108 nihil
521 3040 721 3108 audieram?
763 3042 849 3106 nihil
884 3041 1058 3108 videram?
1093 3044 1178 3108 nihil
1207 3045 1275 3129 ipse

230 3148 378 3236 legendo
393 3145 658 3231 quaerendoque
675 3141 929 3230 cognoveram?
965 3139 1173 3207 Nesciebam
1191 3145 1274 3208 vitae

229 3251 367 3314 brevem
385 3267 460 3309 esse
477 3264 628 3316 cursum,
648 3241 779 3328 gloriae
795 3241 1063 3325 sempiternum?
1096 3265 1174 3308 cum
1192 3253 1275 3308 esset

177 3353 212 3408 30
229 3349 387 3415 omnibus
415 3345 553 3409 definita
582 3364 685 3416 mom,
710 3341 897 3427 optandum
927 3363 1003 3406 esse
1027 3354 1064 3406 ut
1087 3343 1169 3418 vita,
1191 3361 1272 3430 quae

230 3445 422 3515 necessitati
466 3444 657 3516 deberetur,
696 3440 826 3526 patriae
866 3440 977 3526 potius
1013 3443 1139 3507 donata
1175 3463 1271 3529 quam

229 3559 401 3616 reservata
433 3557 575 3608 naturae
606 3539 801 3605 videretur?
846 3540 1055 3607 Nesciebam
1080 3543 1168 3608 inter
1191 3542 1270 3628 sapi·

230 3649 422 3716 entissimos
448 3643 603 3708 homines
629 3644 718 3706 lianc
743 3643 993 3707 contentionem
1019 3644 1136 3719 luisse,
1158 3656 1195 3709 ut
1220 3641 1269 3708 alii

229 3752 382 3815 dicerent
401 3743 532 3808 animos
553 3743 729 3805 hominum
754 3763 942 3827 sensusque
968 3757 1074 3808 morte
1099 3744 1266 3832 restingui,

178 3843 212 3897 3⁵
232 3849 288 3914 alii
314 3858 426 3910 autern
450 3857 521 3906 tum
544 3840 665 3905 mentis
686 3841 835 3903 maxime
855 3841 1058 3925 sapientium
1083 3865 1124 3908 ac
1143 3844 1269 3910 sortium

231 3949 392 4019 virorum,
415 3963 493 4006 curn
518 3962 561 4003 ex
586 3959 727 4023 corpore
752 3938 993 4014 excessissent,
1017 3942 1141 4008 sentire
1166 3965 1207 4010 ac
1228 3945 1268 4008 vi·
