2668 4262
203 215 266 302 164
456 212 601 278 Cr‘cero’s
624 211 732 278 Ext'lc
755 213 829 276 and
848 211 1001 277 Rctura.
1095 209 1251 279 [SESUUS.

243 433 290 480 42.
315 415 419 504 Atqui
444 437 487 479 ne
510 437 554 479 ex
578 435 618 479 eo
643 413 780 500 quidem
796 425 949 498 tempore
965 413 999 478 id
1016 414 1087 500 egit
1102 412 1251 487 SestiuS,
1298 421 1301 426 '

202 529 235 582 ut
251 541 271 582 a
289 519 357 582 suis
377 517 524 580 munitus
541 528 609 579 tuto
625 515 660 578 in
678 515 750 578 furo
768 516 1001 600 magistratu-m
1016 527 1163 600 gereret,
1180 536 1253 576 rem

202 619 371 704 publicam
391 616 652 680 administraret.
695 614 814 700 ltaque
831 614 936 678 l'retus
953 615 1130 678 sanctitate
1146 615 1254 678 tribu-

201 731 312 791 natus,
337 739 414 781 cum
444 739 479 780 se
508 738 575 779 non
606 716 707 779 modo
731 727 848 778 contra
873 715 940 776 vim
964 727 997 776 et
1021 713 1159 787 l'errum,
1191 713 1255 778 sed

145 845 160 900 5
200 819 301 883 etiam
319 828 436 881 contra
451 817 554 879 verba
572 827 672 901 atque
690 813 939 878 interfationem
956 812 1091 898 legibus
1107 813 1255 877 sacratis

199 939 276 982 esse
296 931 462 981 armatum
484 928 628 999 putaret,
650 914 795 977 venitin
818 913 982 996 templum
1006 911 1174 988 Castoris,
1195 915 1257 978 ob·

200 1016 367 1081 nuntiavit
390 1014 542 1080 consuli:
575 1035 653 1078 cum
671 1013 781 1078 subito
800 1035 920 1077 manus
938 1013 995 1076 illa
1012 1011 1201 1087 Clodiana,
1221 1015 1257 1078 in
1324 1005 1325 1056 l

199 1116 307 1181 caede
336 1116 459 1179 civium
488 1135 592 1198 saepe
617 1114 689 1200 jam
714 1113 847 1186 victrix,
872 1113 1054 1186 exclamat,
1075 1112 1255 1188 incitatur,
1324 1123 1325 1142 ¹

199 1216 348 1286 invaditt
375 1217 539 1278 inermem
557 1227 657 1299 atque
674 1213 878 1297 imparatum
896 1213 1067 1276 tribunum
1092 1213 1147 1276 alii
1176 1215 1258 1300 gla-

146 1353 179 1392 10
199 1317 264 1381 diis
289 1316 498 1388 adoriuntur,
518 1314 574 1377 alii
600 1313 801 1400 liagmentis
824 1327 1017 1398 saeptorum
1035 1327 1067 1378 et
1083 1313 1256 1379 fustibus:

199 1439 219 1482 a
237 1417 361 1503 quibus
378 1415 444 1489 hic,
462 1415 575 1478 multis
588 1413 783 1479 volneribus
801 1414 962 1499 acceptis,
982 1411 1058 1500 [ac]
1076 1413 1257 1478 debilitato
1324 1475 1325 1496 ,

199 1539 341 1603 corpore
358 1531 391 1582 et
407 1517 651 1590 contrucidato,
670 1537 707 1580 se
728 1515 850 1602 abjecit
874 1514 1109 1587 exanimatus3
1137 1537 1257 1601 neque
1324 1503 1325 1568 i

199 1620 269 1682 ulla
294 1619 361 1682 alia
385 1641 421 1682 re
442 1619 484 1682 ab
501 1641 538 1682 se
557 1629 696 1682 mortem
716 1617 779 1680 nisi
796 1616 956 1701 opinione
973 1616 1090 1680 mortis
1105 1615 1255 1699 depulit.
1324 1627 1325 1644 ¹

200 1717 315 1803 Qtem
343 1739 419 1783 cum
438 1719 608 1806 jacentem
627 1730 659 1782 et
675 1717 850 1782 concisum
868 1716 1022 1801 plurimis
1039 1715 1255 1789 volneribus,
1324 1733 1325 1736 ’

148 1849 177 1900 15
199 1834 352 1884 extremo
377 1820 495 1905 spiritu
517 1841 730 1906 exsanguem
747 1830 780 1883 et
797 1817 988 1883 confectum
1007 1818 1174 1890 viderent,
1196 1818 1257 1882 de-

199 1920 396 2006 fetigatione
416 1921 527 2008 magis
544 1933 576 1985 et
592 1943 705 1985 errore
722 1941 827 2006 quam
845 1919 1076 1984 misericordia
1094 1930 1128 1983 et
1149 1920 1257 1985 modo

200 2020 384 2105 aliquando
403 2022 547 2086 caedere
564 2023 773 2087 destiterunt.

243 2137 290 2184 4³.
313 2120 409 2187 Adiit
426 2123 468 2186 ad
487 2145 556 2186 rem
573 2123 742 2208 publicam
761 2119 933 2208 [tribunus
951 2083 1077 2234 plebis]
1095 2118 1258 2194 Milo,-
1324 2189 1325 2192 ,

199 2222 242 2286 de
260 2223 356 2310 cujus
373 2224 474 2287 laude
492 2225 590 2308 plura
607 2224 733 2297 dicam,
749 2245 816 2286 non
834 2242 902 2308 quo
920 2235 977 2285 aut
992 2221 1065 2306 ipse
1083 2221 1171 2285 lraec
1186 2220 1256 2286 dici

144 2339 178 2377 20
199 2343 302 2408 quam
332 2324 519 2388 existimari
548 2325 654 2398 malit,
677 2334 735 2388 aut
762 2345 828 2410 ego
853 2323 944 2387 hunc
969 2322 1079 2387 laudis
1104 2321 1254 2387 fructum

199 2425 369 2509 praesenti
399 2425 540 2490 libenter
568 2425 773 2509 impertiam,
803 2423 1001 2508 praesertim
1031 2444 1109 2487 curn
1139 2424 1255 2488 verbis
1324 2441 1325 2518 ζ

199 2526 361 2611 consequi
384 2548 451 2590 non
478 2526 625 2610 possim;
659 2525 719 2589 sed
742 2524 833 2610 quod
859 2524 1028 2597 existimo,
1052 2523 1080 2588 si
1109 2522 1255 2589 Milonis
1324 2519 1325 2572 ἶ

200 2645 339 2689 causam
358 2626 565 2690 accusatoris
582 2647 666 2690 voce
687 2624 926 2689 conlaudatam
952 2624 1111 2709 probaro,
1131 2645 1196 2689 vos
1221 2625 1255 2688 in

200 2726 265 2790 hoc
282 2726 423 2789 crimine
440 2747 556 2811 parem
576 2724 664 2790 Sesti
682 2745 823 2789 causam
844 2725 1106 2789 existimaturos.
1157 2723 1257 2791 Adiit
1324 2761 1325 2812 t

142 2831 174 2886 ²5
200 2824 302 2911 igitur
324 2826 370 2889 T.
392 2824 529 2890 Annius
546 2827 589 2890 ad
607 2847 747 2890 causam
765 2826 813 2889 rei
831 2825 989 2910 publicae
1006 2826 1068 2900 sic,
1086 2836 1122 2890 ut
1139 2827 1255 2892 civem
1324 2833 1325 2860 ³

199 2927 328 3010 patriae
356 2947 560 3010 recuperare
587 2927 690 2990 vellet
715 2938 883 3012 ereptum.
945 2925 1102 3011 Simplex
1129 2947 1254 3003 causa,
1324 2943 1325 2982 ὲ

199 3039 359 3091 constans
377 3029 473 3101 ratio,
494 3029 595 3112 plena
613 3027 847 3092 consensionis
864 3027 1031 3100 omnium,
1050 3028 1153 3112 plena
1171 3049 1256 3093 con-

199 3129 348 3193 cordiae.
384 3127 560 3216 Conlegas
574 3129 745 3215 adjutores
759 3129 926 3192 habebat:
950 3129 1098 3193 consulis
1112 3129 1254 3194 alterius

175 3234 370 3294 'summum
404 3230 564 3305 studium,
592 3230 730 3293 alterius
763 3229 897 3293 animus
929 3250 1040 3314 paene
1073 3230 1251 3315 placatus;

142 3335 177 3388 30
199 3331 241 3395 rle
261 3331 472 3417 praetoribus
496 3354 585 3396 unus
609 3331 763 3406 alienus3
796 3341 933 3395 senatus
959 3328 1167 3394 incredibilis
1191 3353 1253 3394 vo·

197 3431 323 3508 luntaS,
339 3433 490 3519 equitum
507 3432 744 3497 Romanorum
762 3431 866 3494 animi
884 3430 929 3495 ad
942 3450 1082 3494 causam
1097 3431 1250 3505 excitati,

198 3547 310 3598 erecta
328 3534 437 3598 Italia.
490 3532 567 3596 Duo
585 3532 646 3596 soli
665 3543 761 3596 erant
778 3529 881 3616 empti
900 3530 944 3595 ad
970 3529 1250 3614 impediendum:

196 3635 298 3717 quisi
317 3634 473 3697 homines
493 3632 642 3716 despecti
663 3644 695 3695 et
718 3631 901 3714 contempti
926 3642 1054 3694 tantam
1080 3651 1151 3694 rem
1177 3651 1250 3695 sus-

197 3733 302 3795 tinere
338 3753 406 3794 non
445 3731 644 3813 potuissent,
674 3751 710 3792 se
743 3750 882 3793 causam
915 3749 1019 3814 quarn
1051 3739 1249 3812 susceperat

144 3833 178 3890 35
198 3831 290 3892 nullo
308 3831 423 3891 labore
442 3841 656 3910 peracturum
678 3827 826 3891 videbat.
875 3825 1015 3912 Agebat
1034 3828 1245 3901 auctoritate,

197 3927 323 4011 agebat
350 3925 503 3998 consilio,
523 3925 647 4009 agebat
671 3945 731 4008 per
747 3945 918 3987 summum
936 3924 1103 4001 ordinem,
1122 3926 1247 4012 agebat
