2714 4266
180 217 224 283 68
405 219 584 307 Pompcy’s
607 220 774 306 Mr'lr'tary
804 221 1003 286 Command.
1100 197 1232 290 [Mam

181 430 281 507 atque
306 443 324 485 e
348 421 513 506 pueritiae
537 422 726 507 disciplinis
742 422 833 487 bello
852 421 1002 487 maximo
1020 433 1119 508 atque
1137 442 1238 485 acera

180 521 274 586 rimis
304 522 455 586 hostibus
484 524 528 587 ad
556 524 660 608 patris
689 524 876 587 exercitum
906 537 1006 609 atque
1034 523 1069 586 in
1092 523 1238 587 militiae

180 621 398 705 disciplinam
418 623 589 707 profectus
609 634 680 696 est;
709 623 766 708 qui
787 635 940 686 extrema
964 623 1108 708 pueritia
1134 625 1236 688 miles

180 720 214 783 in
239 721 390 786 exercitu
413 722 474 785 suit
491 722 614 786 summi
632 722 858 807 imperatoris,
876 723 1013 786 ineunte
1031 723 1236 786 adulescen-

150 850 163 902 ς
179 825 225 884 tia
243 822 383 885 maximi
401 821 473 906 ipse
491 823 660 887 exercitus
680 825 884 907 imperator;
913 824 971 908 qui
989 822 1126 907 saepius
1152 843 1232 886 cum

180 920 276 984 hoste
300 921 452 985 conflixit
476 943 579 1007 quarn
600 922 781 1008 quisquam
807 943 884 986 cum
902 922 1040 986 inimico
1058 935 1231 986 concerta·

157 1019 160 1024 '
177 1019 237 1092 vit,
252 1021 350 1104 plura
366 1022 457 1085 bella
474 1022 580 1108 gessit
595 1043 699 1108 quam
717 1022 819 1086 ceteri
838 1023 1007 1109 legerunt,
1022 1022 1136 1107 plures
1154 1043 1233 1107 pro-

178 1118 310 1185 vincias
323 1121 469 1185 consecit
481 1143 583 1207 quam
598 1122 655 1185 alii
670 1122 939 1207 concupiverunt
951 1145 961 1196 :-
985 1123 1081 1210 cujus
1094 1123 1232 1187 adules-

178 1221 289 1285 centia
308 1223 350 1286 ad
368 1222 544 1285 scientiam
562 1225 610 1286 rei
629 1223 783 1286 militaris
800 1245 867 1287 non
893 1223 1013 1287 alienis
1036 1223 1231 1308 praeceptis

135 1350 163 1383 10
178 1321 239 1384 sed
256 1321 326 1386 suis
343 1321 506 1406 imperiis,
527 1343 593 1386 non
611 1321 857 1386 offensionibus
877 1323 957 1387 belli
982 1324 1042 1387 sed
1067 1321 1230 1396 victoriiS,

179 1443 246 1484 non
272 1421 448 1505 stipendiis
473 1423 533 1486 sed
558 1423 738 1507 triumphis
763 1434 814 1486 est
841 1425 985 1487 erudita.
1036 1421 1139 1506 Quod
1172 1423 1229 1487 de-

179 1521 281 1606 nique
299 1543 409 1608 genus
426 1543 500 1586 esse
517 1521 597 1585 belli
616 1534 736 1606 potest,
753 1523 787 1586 in
804 1544 872 1608 quo
889 1523 984 1587 illum
1001 1545 1070 1588 non
1087 1545 1231 1587 exercu-

179 1621 242 1684 erit
265 1622 398 1685 sortuna
423 1623 470 1686 rei
495 1623 678 1706 publicae?
723 1621 847 1697 Civile,
866 1621 1081 1698 Africanum,
1100 1623 1232 1688 Trans·

178 1722 346 1806 alpinum,
361 1721 604 1806 Hispaniense,
622 1721 784 1809 [mixtum
799 1745 842 1787 ex
860 1723 1051 1788 civitatibus
1069 1736 1169 1810 atque
1186 1745 1231 1787 ex

135 1849 144 1882 1
150 1812 444 1899 {bellicosissimis
457 1821 682 1909 nationibus]
698 1824 833 1897 servile,
847 1825 969 1886 navale
980 1824 1121 1898 bellum,
1134 1825 1230 1888 varia

178 1935 211 1986 et
234 1922 369 1986 diversa
394 1943 522 2009 genera
548 1934 581 1986 et
604 1923 770 1986 bellorum
795 1934 828 1987 et
848 1925 1007 1997 hostium,
1030 1945 1097 1987 non
1118 1925 1230 1989 solum

178 2034 274 2109 gesta
293 2023 336 2087 ab
355 2025 517 2096 bucano,
536 2022 596 2085 sed
614 2022 715 2084 etiam
733 2023 901 2094 conlecta,
918 2023 1045 2086 nullam
1065 2045 1137 2086 rem
1154 2047 1230 2088 esse

177 2123 353 2188 declarant
370 2123 402 2187 in
420 2145 484 2186 usu
503 2121 646 2206 positam
664 2122 813 2197 militari,
828 2144 916 2208 quae
931 2123 1031 2210 liujus
1045 2123 1106 2186 viri
1119 2126 1230 2188 scien·

177 2223 259 2318 tiam
277 2224 396 2310 fugere
412 2223 529 2308 possit.

133 2324 204 2384 zo‘l
222 2345 272 2390 xi.
298 2337 345 2388 29.
364 2325 444 2411 Jam
473 2345 554 2388 vero
585 2321 696 2387 virtuti
728 2322 796 2388 Cn.
826 2321 968 2409 Pompei
999 2346 1089 2411 quae
1121 2337 1231 2411 potest

176 2428 283 2492 oratio
301 2449 362 2511 par
379 2423 545 2489 inveniri?
593 2422 688 2509 Qud
705 2425 861 2509 estquod
885 2425 1063 2510 quisquam
1090 2440 1147 2490 aut
1169 2427 1229 2490 illo

177 2527 320 2614 dignum
347 2538 404 2590 aut
427 2525 523 2589 vobis
548 2546 675 2588 novum
694 2537 751 2588 aut
767 2524 927 2610 cuiquam
946 2525 1132 2590 inauditum
1151 2548 1229 2611 pos·

177 2628 219 2691 sit
236 2625 391 2691 adferre?
438 2625 561 2712 Neque
579 2625 669 2688 enim
688 2625 767 2688 illae
784 2636 863 2688 sunt
884 2625 978 2689 solae
1003 2625 1141 2690 virtutes
1166 2628 1229 2691 im-

177 2728 380 2812 peratoriae,
393 2747 481 2814 quae
493 2726 595 2812 volgo
607 2725 1010 2799 existimantur,-labor
1021 2724 1054 2788 in
1067 2729 1226 2813 negotiis

133 2850 162 2899 ²5
177 2827 334 2893 fortitudo
359 2828 393 2892 in
418 2827 590 2912 periculis
610 2825 774 2889 industria
799 2827 833 2889 in
851 2826 1001 2910 agend0,
1020 2827 1175 2892 celeritas
1192 2830 1226 2893 in

176 2929 402 3002 conficiendo,
422 2926 601 2992 consilium
620 2926 654 2988 in
673 2927 904 3009 providendo:
929 2946 1018 3010 quae
1037 2913 1130 2990 tanta
1150 2945 1228 2993 sunt

176 3029 210 3093 in
237 3031 302 3094 hoc
325 3052 406 3103 uno,
425 3038 552 3114 quanta
570 3025 603 3089 in
620 3026 778 3089 omnibus
795 3027 933 3120 reliquis
951 3027 1224 3109 imperatoribus

175 3152 261 3217 quos
276 3142 332 3193 aut
343 3129 490 3193 vidimus
506 3138 562 3190 aut
575 3117 870 3197 audivimus,lriil‘ti
882 3127 1027 3191 fuerunt.
1069 3144 1116 3190 3ο.
1140 3129 1227 3195 Tes-

175 3233 216 3294 tis
233 3242 283 3295 est
300 3230 413 3303 ltalia,
431 3249 534 3314 quam
552 3227 609 3290 ille
626 3227 699 3310 ipse
717 3225 823 3289 victor
847 3225 890 3290 L.
913 3225 1011 3292 Sulla
1037 3229 1138 3317 hujus
1162 3229 1227 3294 vir-

129 3351 161 3400 30
174 3341 244 3395 tute
272 3342 305 3395 et
332 3329 482 3395 subsidio
511 3327 687 3392 consessus
715 3337 765 3390 est
793 3326 1001 3418 liberatam.
1031 3327 1145 3394 Testis
1177 3341 1227 3395 est

175 3429 308 3506 Sicilia,
323 3451 425 3517 quam
440 3427 553 3492 multis
567 3426 717 3511 undique
734 3425 880 3489 cinctam
900 3426 1059 3511 periculis
1077 3450 1143 3492 non
1161 3440 1226 3494 ter-

174 3552 250 3595 rore
267 3531 360 3605 belli,
380 3530 440 3593 sed
461 3526 580 3592 consili
603 3526 774 3590 celeritate
799 3525 994 3609 explicavit.
1044 3526 1159 3592 Testis
1176 3540 1226 3595 est

174 3630 306 3704 Africa,
325 3651 427 3715 quae,
447 3626 583 3713 magnis
606 3645 771 3709 oppressa
796 3625 942 3688 hostiurn
968 3627 1087 3710 copiis,
1107 3650 1224 3693 eorum

175 3731 325 3814 ipsorum
350 3727 520 3813 sanguine
544 3723 759 3788 redundavit.
808 3723 922 3789 Testis
947 3737 998 3789 est
1017 3725 1144 3799 Gallia,
1164 3751 1225 3813 per

132 3847 278 3914 asquam
303 3826 497 3912 legionibus
522 3823 643 3887 nostris
667 3823 730 3885 iter
753 3821 787 3884 in
814 3821 1018 3906 Hispaniam
1044 3824 1223 3892 Gallorum

176 3927 404 3994 internecione
421 3923 629 4009 patefactum
646 3932 707 3986 est.
745 3919 859 3985 Testis
873 3932 924 3986 est
937 3923 1119 4008 Hispania,
1134 3949 1223 4012 quae
