2668 4262
51 219 92 258 IX·
107 205 166 278 20·]
202 207 455 296 Spendtlrrrfls‚
476 209 642 287 DebtorS,
669 211 797 278 Sullu's
825 210 1002 278 Veterans.
1053 229 1115 299 105

96 428 150 472 1x.
179 427 220 474 19.
244 409 400 474 Alterum
434 433 544 498 genus
577 424 628 477 est
658 435 776 478 eorum
805 414 876 500 qui,
907 436 1115 500 quamquam

50 523 257 594 premuntur
282 532 359 574 aere
386 512 510 586 alieno,
536 513 804 578 dominationem
829 528 943 578 tamen
974 537 1118 600 exspec-

49 622 137 684 tant,
157 633 272 675 rerum
291 612 390 696 potiri
408 613 537 685 volunt,
557 614 716 686 honores,
735 635 820 700 quos
838 615 951 701 quieta
971 638 1006 680 re
1032 617 1116 700 pub·

50 710 118 774 lica
133 711 332 796 desperant,
346 713 540 798 perturbata
555 733 591 776 se
606 715 767 799 consequi
782 736 883 799 posse
898 717 1113 781 arbitrantur.

51 811 196 895 Quibus
214 814 279 876 hoc
295 812 575 896 praecipiendum
594 814 738 888 videtur,
751 851 796 862 —
809 837 912 879 unum
932 816 1060 880 scilicet
1084 831 1118 884 et
1148 839 1163 893 5

49 911 145 976 idem
173 913 265 998 quod
290 913 429 998 reliquis
452 913 729 988 omnibus,-ut
753 916 934 1000 desperent
962 917 996 980 id
1024 917 1116 1003 quod

50 1025 225 1076 conantur
238 1033 274 1076 se
288 1013 451 1098 consequi
465 1035 565 1096 posse
580 1037 587 1074 ι
610 1014 757 1098 primum
770 1016 922 1080 omnium
937 1039 991 1080 me
1005 1017 1118 1102 ipsum

50 1111 217 1198 vigilare,
237 1113 371 1186 adesse,
391 1111 571 1196 providere
589 1114 637 1178 rei
660 1116 818 1198 publicae
830 1140 838 1190 ;
872 1117 996 1182 deinde
1021 1139 1119 1204 mag-

52 1233 116 1276 nos
143 1212 280 1278 animos
305 1234 380 1277 esse
404 1212 439 1275 in
464 1213 562 1277 bonis
587 1215 681 1290 viris,
710 1238 872 1304 magnam
899 1218 1117 1282 concordiam

50 1311 87 1375 in
105 1314 262 1376 maxima
281 1313 507 1387 multitudine,
528 1335 674 1402 magnas
700 1329 875 1400 praeterea
901 1318 1018 1402 copias
1044 1319 1117 1380 mil·
1133 1341 1163 1376 ro

52 1413 161 1487 itum;
198 1415 279 1478 deos
304 1413 452 1500 denique
478 1415 678 1480 immortalis
708 1417 787 1481 huic
819 1417 944 1482 invicto
976 1419 1116 1502 populo,

52 1513 249 1578 clarissimo
278 1514 434 1598 imperio,
458 1517 710 1600 pulcherrimae
734 1517 822 1592 urbi,
847 1530 964 1582 contra
989 1530 1117 1581 tantam

52 1612 122 1676 vim
150 1614 293 1678 sceleris
318 1616 506 1698 praesentis
532 1616 698 1680 auxilium
723 1639 798 1682 esse
822 1618 963 1682 laturos.
1013 1617 1118 1701 Quod

54 1713 80 1776 si
95 1714 171 1800 jam
191 1715 256 1778 sint
274 1715 320 1789 id,
337 1717 428 1801 quod
446 1738 522 1781 cum
541 1738 675 1782 summo
692 1717 805 1782 furore
819 1718 973 1802 cupiunt,
989 1717 1116 1804 adepti,

53 1835 138 1878 num
163 1814 215 1878 illi
240 1815 275 1878 in
301 1816 414 1880 cinere
439 1816 533 1882 urbis
557 1828 590 1881 et
614 1817 648 1880 in
673 1818 843 1904 sanguine
868 1818 1007 1892 civium,
1029 1839 1117 1903 quae
1133 1842 1162 1892 ις

54 1928 172 1980 mente
199 1917 430 1980 conscelerata
457 1937 497 1981 ac
522 1917 653 1981 nefaria
678 1918 958 2002 concupiverunt,
981 1939 1017 1982 se
1039 1938 1118 1982 con-

55 2016 148 2081 sules
175 2038 215 2081 ac
244 2017 424 2082 dictatores
454 2027 513 2080 aut
540 2017 641 2081 etiam
671 2038 772 2104 reges
801 2029 939 2100 sperant
968 2016 1118 2082 futuros?

54 2113 137 2180 Non
155 2117 275 2183 vident
292 2118 325 2182 id
343 2139 379 2181 se
403 2137 542 2202 cupere,
564 2118 656 2202 quod
681 2117 708 2181 si
734 2117 847 2201 adepti
872 2117 950 2192 sint,
975 2117 1118 2204 fugitivo
1154 2168 1157 2174 .

55 2216 159 2282 alicui
181 2231 238 2282 aut
255 2218 436 2305 gladiatori
455 2217 597 2282 concedi
615 2217 657 2282 sit
674 2216 837 2282 necesse?
857 2234 872 2270 r

99 2333 149 2382 ao.
176 2318 332 2382 Tertium
356 2338 467 2405 genus
493 2327 543 2382 est
567 2326 676 2381 aetate
695 2317 767 2404 jam
789 2317 973 2390 adfectum,
992 2317 1053 2382 sed
1069 2329 1162 2382 ta-20

56 2437 135 2482 men
172 2419 413 2484 exercitatione
442 2417 637 2490 robustum;
670 2431 737 2502 quo
762 2438 807 2480 ex
830 2439 957 2503 genere
982 2417 1043 2481 iste
1068 2428 1119 2482 est

57 2514 227 2594 Manlius,
242 2519 297 2583 cui
314 2539 406 2582 nunc
419 2516 569 2582 Catilina
587 2517 749 2582 succedit.
800 2515 888 2580 Sunt
905 2518 1061 2582 homines
1074 2539 1118 2582 ex

56 2616 105 2681 eis
122 2619 268 2684 coloniis
284 2641 371 2705 quas
393 2617 492 2684 Sulla
515 2617 706 2682 constituit:
739 2638 825 2702 quas
850 2639 916 2703 ego
940 2617 1117 2683 universas

58 2716 185 2782 civium
209 2741 285 2784 esse
309 2719 512 2804 optimorum
539 2729 572 2782 et
596 2716 853 2782 fortissimorum
874 2718 1022 2782 virorum
1041 2740 1117 2782 sen-

57 2815 123 2892 tio;
142 2820 204 2884 sed
220 2830 334 2904 tamen
353 2819 383 2883 ei
401 2831 478 2883 sunt
496 2817 620 2893 coloni,
637 2818 694 2904 qui
712 2839 749 2882 se
763 2817 994 2903 ininsperatis
1012 2839 1052 2882 ac
1065 2841 1117 2882 re·
1129 2843 1158 2892 25

59 2918 206 2998 pentinis
223 2919 377 3003 pecuniis
395 2919 624 3004 sumptuosius
643 2918 909 3004 insolentiusque
930 2918 1113 3004 jactarunt.

60 3014 106 3080 Hi
123 3019 206 3083 dum
225 3020 407 3084 aedificant
422 3030 597 3104 tamquam
614 3018 718 3092 beati,
739 3019 820 3082 dum
839 3019 988 3103 praediis
1006 3019 1113 3095 lectis,

61 3115 197 3184 familiis
213 3120 362 3207 magnis,
378 3119 543 3183 conviviis
561 3118 733 3203 apparatis
752 3119 975 3192 delectantur,
991 3117 1026 3181 in
1042 3129 1117 3183 tan·

60 3225 130 3282 tum
159 3240 218 3285 aes
246 3220 396 3284 alienum
424 3219 629 3293 inciderunt,
654 3230 702 3293 ut,
729 3218 757 3284 si
787 3219 870 3283 salvi
896 3239 971 3282 esse
994 3219 1113 3294 velint,

63 3314 158 3384 Sulla
186 3320 228 3385 sit
259 3317 345 3406 [eis]
374 3319 417 3383 ab
441 3319 557 3384 inferis
582 3319 805 3383 excitandus:
838 3319 895 3405 qui
920 3319 1020 3382 etiam
1045 3325 1161 3395 'non30

63 3419 171 3485 nullos
194 3420 352 3508 agrestis,
375 3420 530 3483 homines
552 3419 663 3483 tenuis
686 3431 785 3504 atque
811 3418 956 3505 egentis,
974 3419 1009 3482 in
1034 3440 1115 3482 ean-

65 3515 140 3582 dem
155 3520 249 3584 illam
267 3541 363 3604 spem
381 3520 580 3604 rapinarum
595 3530 747 3583 veterum
761 3519 980 3604 impulerunt.
1016 3517 1114 3603 Qos

66 3636 129 3702 ego
151 3633 311 3706 utrosque
335 3621 370 3684 in
395 3620 516 3684 eodem
541 3639 669 3706 genere
699 3621 938 3702 praedatorum
968 3619 1115 3703 direpto-

67 3736 203 3806 rumque
225 3743 327 3806 pono.
377 3718 448 3785 Sed
473 3741 532 3784 eos
557 3721 621 3783 hoc
646 3741 789 3782 moneo:
821 3719 979 3784 desinant
1001 3719 1114 3784 furere

68 3834 105 3880 ac
128 3820 389 3905 proscriptiones
408 3831 441 3884 et
457 3819 640 3883 dictaturas
658 3819 821 3904 cogitare.
871 3819 1004 3884 Tantus
1021 3819 1113 3884 enim
1134 3852 1164 3900 35

69 3913 197 3986 illorum
212 3931 404 4006 temporum
422 3920 519 3984 dolor
535 3919 667 3982 inustus
684 3928 735 3982 est
751 3917 889 3993 civitati,
908 3930 944 3982 ut
955 3919 1028 4008 jam
1048 3919 1115 3986 ista
